2894 4958
575 450 692 513 LIBER
712 448 870 513 PRIMUS.
1216 453 1256 518 47

189 575 367 649 Joanuem
383 571 507 648 docuit
526 571 812 675 interrogantem
829 596 876 645 ne
895 568 1084 671 probibeat
1103 573 1254 651 virtutes

189 692 230 765 in
243 694 317 790 ejus
329 691 478 765 nomine
492 689 713 790 facientem(
737 691 768 790 ).

237 810 334 883 Dum
352 810 422 885 iret
445 810 483 882 in
499 807 713 897 Jerusalem,
732 822 817 881 ante
842 821 1074 908 conspectum
1094 812 1253 883 suumin

188 928 370 1002 civitatem
401 926 709 1001 Samaritanorum
745 924 844 998 misit
875 925 1025 999 nuntios
1036 952 1049 1015 ς
1082 925 1144 1001 sed
1176 953 1253 1003 non

187 1059 485 1144 receperuuteos.
499 1042 674 1120 Jacohum
686 1056 820 1117 verost
832 1043 1022 1131 ioannem,
1035 1040 1119 1143 qnia
1132 1044 1252 1145 ignem

186 1157 232 1232 de
247 1158 345 1233 ooelo
360 1184 468 1259 super
483 1171 750 1257 contemptores
765 1173 888 1256 petere
898 1155 1114 1253 voluerunt,
1132 1158 1254 1234 incre-

186 1275 301 1373 pavit,
328 1274 449 1348 dicens
478 1305 486 1346 ε
517 1274 678 1347 Nescitis
702 1274 809 1372 enjus
832 1274 980 1373 spin'tus
1004 1275 1103 1345 estis.
1130 1275 1254 1348 Filius

187 1389 345 1464 homenis
357 1416 432 1463 non
448 1393 549 1463 venit
562 1392 708 1463 animas
715 1388 871 1490 perdere
876 1444 891 1477 ,
910 1388 978 1462 scd
991 1389 1161 1491 salvare(
1185 1393 1215 1490 ).

234 1508 467 1608 Septuaginta
483 1507 573 1579 dnos
592 1506 814 1605 designavit,
833 1504 985 1606 illosque
1001 1504 1107 1580 binos
1123 1507 1161 1579 in
1178 1533 1256 1582 om·

187 1650 272 1699 nem
296 1626 477 1698 civitatem
507 1639 543 1698 et
571 1625 715 1712 locum,
743 1646 818 1722 quo
847 1638 924 1697 erat
955 1624 1030 1722 ipse
1057 1640 1252 1716 venturus,

185 1741 307 1830 misit;
328 1741 469 1842 illisque
486 1753 687 1839 praecepta,
706 1737 838 1838 quibus
860 1754 896 1812 et
916 1739 1101 1839 quomodo
1117 1743 1255 1840 praedi·

187 1881 268 1930 care
278 1855 472 1946 deberent,
487 1855 681 1928 intimavit.
694 1852 898 1926 incredulas
910 1854 1071 1927 civitates
1088 1856 1254 1955 increpa-

185 1974 254 2047 vit.
275 1974 508 2075 Septuaginta
531 1970 673 2045 dnobus
693 1970 844 2044 reversis
864 1985 973 2070 atque
994 1968 1252 2070 gaudentibus,

184 2091 360 2190 praecepit
376 2116 452 2165 non
469 2091 514 2164 de
532 2087 754 2188 subjectione
771 2086 1001 2176 daemonum,
1025 2087 1085 2161 sed
1105 2087 1150 2162 de
1170 2115 1255 2163 suo-

184 2229 270 2278 rnm
289 2206 327 2279 in
344 2204 441 2279 coeio
461 2205 653 2282 nominum
673 2202 870 2303 scriptione
886 2203 1051 2300 gaudere.
1070 2203 1255 2280 Confessio

184 2320 301 2395 landis
315 2321 475 2396 refertur
491 2320 534 2395 ad
545 2339 699 2422 patrem.
716 2323 843 2394 Beatos
855 2320 944 2393 dicit
956 2322 1135 2395 Dominus
1150 2323 1269 2396 disci·

184 2437 358 2539 pudorum
385 2439 538 2529 oculos,
568 2439 652 2540 quia
676 2436 802 2511 vident
828 2462 911 2537 quae
936 2437 1077 2537 priores
1103 2441 1191 2539 justi
1218 2456 1255 2514 et

184 2580 287 2658 neges
304 2555 499 2632 votuerunt
514 2555 634 2631 ridere
650 2569 688 2630 et
705 2581 782 2628 non
798 2554 968 2629 viderunt
985 2557 1001 2655 (
1025 2559 1056 2654 ).

235 2673 409 2747 Tentanti
426 2672 513 2774 legis
531 2673 649 2772 perito
669 2671 835 2772 dogmata
848 2697 943 2745 verna
961 2672 1083 2745 salutis
1099 2673 1262 2748 insinua-

184 2789 260 2876 vit,
287 2802 325 2862 et
347 2789 551 2888 paradigma
572 2786 619 2862 de
641 2786 789 2862 bomine
812 2785 1050 2862 descendente
1075 2788 1120 2862 de
1149 2791 1254 2863 Jeru-

185 2904 296 2977 mlem
327 2905 366 2977 in
399 2906 544 2979 Jericho
578 2920 615 2979 et
652 2903 697 2980 de
727 2904 866 2977 casibus
898 2908 973 3004 ejus
1002 2906 1157 3006 protulit
1173 2936 1185 2997 ;
1218 2925 1254 2983 et

187 3019 473 3110 samaritanum,
490 3020 554 3121 qui
562 3074 574 3110 ,
595 3020 863 3094 transeuntibus
879 3021 1062 3096 sacerdote
1078 3037 1114 3097 et
1128 3022 1252 3117 levita,

190 3136 378 3212 vulnerato
401 3164 420 3210 a
441 3136 644 3212 latronibus
664 3137 850 3228 subvenit,
866 3139 1086 3238 proximum
1110 3143 1255 3215 miseri-

188 3254 350 3330 cordiam
366 3255 531 3330 faeiendo
547 3256 600 3328 itti
618 3255 727 3330 fuisse
744 3256 860 3355 palam
876 3259 1091 3330 monstravit
1108 3258 1179 3357 (4).

235 3374 280 3446 ln
293 3373 439 3448 castello
452 3375 553 3448 Jesus
568 3372 767 3475 hospitium
784 3373 916 3464 subiit,
935 3391 972 3448 et
988 3373 1170 3475 quereiam
1186 3377 1254 3447 mi·
1362 3441 1367 3445 .

188 3488 376 3563 nistrantis
391 3489 543 3564 Marthae
559 3490 603 3566 de
619 3517 744 3566 sorore
757 3517 833 3566 non
851 3518 928 3565 eam
946 3492 1134 3590 adjuvante
1150 3518 1255 3567 com-

187 3606 326 3701 pescuit
333 3633 345 3694 ;
358 3605 441 3704 quia
451 3607 626 3706 optimam
635 3632 711 3680 eam
720 3620 860 3705 partem
869 3605 1012 3706 elegisse
1021 3608 1170 3680 asseruit
1180 3609 1253 3709 (5).

235 3719 429 3794 Mattheus
452 3721 491 3794 in
515 3722 680 3795 oratioue
699 3720 881 3794 dominica
902 3736 1038 3821 septem
1062 3723 1255 3822 petitiones

220 4038 261 4108 (a)
279 4037 381 4092 Marah.
403 4056 449 4108 ιι,
474 4043 569 4113 17-24;
591 4041 676 4094 Mare.
692 4059 725 4110 ι,
748 4038 843 4108 32-45.
865 4072 894 4081 -
914 3992 953 4113 (b)
966 4043 1033 4097 Luc.
1049 4060 1088 4111 ιι,
1110 4042 1255 4099 51-56.-

189 4121 225 4197 (3)
237 4127 305 4181 Luc.
321 4144 351 4192 ι,
368 4131 443 4194 1-24.
462 4158 498 4170 —
517 4129 556 4198 (4)
569 4130 669 4186 Mattb.
693 4149 759 4202 ιιιι,
780 4129 881 4199 54-40;
901 4132 987 4188 Marc.
1002 4151 1056 4201 ιιι,
1070 4131 1170 4201 aste
1186 4136 1252 4188 Luc.

190 4233 218 4283 ι,
233 4213 329 4293 25-37.
339 4213 423 4288 -(5)
436 4218 503 4273 Luc.
519 4236 547 4288 ι,
561 4215 653 4285 stat.
