2894 4958
556 419 673 483 LIBER
694 418 852 481 PRIMUS.
1182 423 1241 483 139

217 537 454 613 heracleonas
469 562 553 610 cum
565 552 681 612 matre
695 564 757 611 sua
770 538 927 611 Martius
941 538 1045 610 annis
1062 562 1103 611 ιι.
1122 538 1239 640 Cyrus

166 654 416 746 Alexandriae,
429 654 573 755 Sergius
590 671 627 728 et
642 653 804 756 Pyrrhus
817 654 926 755 regite
942 653 1043 727 urhis
1060 655 1238 755 episcopi,

167 771 435 873 Acephalorum
460 771 628 847 haeresim
653 772 893 847 instaurantes
920 796 1032 845 unam
1057 773 1241 872 operatio-

166 893 312 967 nemin
330 891 475 966 Christo
495 890 694 965 divinitatis
711 907 747 966 et
764 889 1021 980 humanitatis,
1046 918 1155 964 unam
1172 917 1242 965 vo-

166 1011 349 1085 luntatem
364 1010 622 1113 dogmatizant.
634 1012 666 1084 E
679 1009 812 1113 quihus
823 1009 985 1111 Pyrrhus
997 1009 1052 1082 his
1067 1011 1243 1110 tempori·

167 1126 262 1216 hus,
281 1125 390 1201 idest
412 1127 480 1200 suh
502 1126 697 1202 Theodoro
719 1153 829 1228 papa,
856 1127 1009 1201 Romam
1032 1127 1180 1201 veniens
1200 1153 1243 1199 ex

167 1244 311 1335 africa,
340 1246 425 1321 ficta
450 1262 492 1320 ut
518 1264 602 1347 post
625 1249 812 1346 apparuit,
840 1248 1081 1346 poenitentia,
1108 1243 1246 1321 obtulit

169 1367 289 1443 eidem
305 1392 429 1468 papae,
450 1382 627 1465 praesente
646 1383 780 1440 cuncto
794 1366 892 1439 clero
906 1382 942 1439 et
958 1364 1118 1465 populo,
1138 1363 1245 1437 libel-

169 1485 252 1559 lum
268 1510 351 1557 cum
376 1511 438 1556 sua
455 1482 745 1584 subscriptione,
766 1485 804 1557 in
820 1482 895 1584 quo
914 1483 1246 1557 condemnarentur

170 1601 295 1678 omnia
316 1627 399 1703 quae
416 1627 434 1673 a
454 1627 511 1689 se,
539 1601 597 1675 vel
614 1629 633 1674 a
651 1600 975 1701 praedecessoribus
999 1603 1091 1690 suis,
1114 1602 1246 1700 scripta

170 1719 231 1795 vel
255 1736 333 1793 acta
356 1734 443 1792 sunt
464 1719 632 1795 adversus
655 1720 869 1795 catholicam
895 1720 1017 1796 fidem.
1045 1719 1152 1794 Unde
1179 1719 1247 1795 be-

172 1836 286 1937 nigne
311 1851 494 1935 susceptus
517 1851 571 1911 est
590 1836 637 1911 ab
659 1863 704 1911 eo
726 1839 826 1938 quasi
844 1838 952 1940 regiae
968 1835 1137 1937 pontifex
1155 1835 1247 1908 civi-

173 1952 272 2027 ntis.
303 1951 374 2025 Sed
401 1954 485 2054 quia
514 1980 677 2029 reversus
703 1953 874 2041 domum,
904 1955 1051 2053 repetiit
1085 1977 1249 2027 errorem

173 2065 415 2143 domesticum
426 2097 437 2156 ς
457 2085 678 2146 memoratus
699 2096 791 2171 papa
812 2068 1046 2157 Theodorus,
1069 2065 1249 2142 advocatis

176 2184 318 2257 eunctis
340 2184 584 2261 sacerdotibus
605 2203 642 2261 et
659 2188 759 2263 clero
776 2189 815 2260 in
833 2187 1016 2262 ecclesiam
1036 2187 1131 2260 beati
1151 2182 1248 2259 Petri

175 2302 425 2402 apostolorum
438 2305 634 2406 principis,
652 2304 908 2381 condemnarit
920 2332 1002 2380 eum
1020 2296 1088 2378 sub
1102 2302 1250 2378 vinculo

176 2418 445 2520 anathematis(
469 2423 499 2519 ).

223 2538 489 2611 Constantinus
498 2538 769 2615 fraterHeraclii
780 2537 1164 2640 mensibusv1.Py1rhi
1176 2562 1254 2610 suo·

173 2678 298 2729 cester
307 2654 451 2744 Paulus,
466 2681 543 2729 non
553 2670 697 2730 tantum
711 2684 837 2731 vesana
846 2658 1035 2744 doctrina,
1052 2657 1145 2729 sicut
1156 2683 1254 2756 prae-

172 2770 381 2845 decessores
392 2775 480 2870 ejus,
497 2771 558 2846 sed
569 2790 691 2872 aperta
701 2775 952 2873 persecutione
965 2772 1161 2847 catholicos
1173 2799 1254 2845 cru·

174 3049 220 3095 vr·
238 3039 339 3109 siecle,
356 3040 429 3096 saint
441 3041 525 3096 Maur
540 3039 632 3113 (584),
647 3042 720 3097 seint
738 3044 837 3098 Lomer
851 3040 940 3117 (590),
955 3044 1027 3098 saint
1039 3028 1154 3098 Evroult
1166 3039 1254 3116 (596),

173 3140 208 3187 et
219 3139 288 3185 tous
300 3127 341 3182 les
351 3139 444 3183 autres
461 3147 496 3183 an
512 3138 573 3196 vir,
589 3131 661 3186 saint
674 3131 830 3186 Columban
842 3130 931 3202 (615),
946 3131 1020 3187 seim
1033 3130 1152 3187 Romaiu
1165 3129 1255 3202 (668),

173 3221 255 3276 saint
273 3206 334 3274 8Ιοί
347 3216 436 3293 (669),
453 3220 525 3274 saint
537 3219 696 3274 Wandrille
709 3219 799 3294 (667),
816 3222 888 3276 saint
904 3221 988 3278 Ouen
1000 3220 1090 3294 (683),
1106 3222 1178 3275 saint
1189 3221 1259 3275 Phi-

174 3310 267 3367 libert
280 3309 370 3382 (684),
385 3311 457 3365 saint
468 3310 592 3366 Anshert
604 3308 669 3386 (693
681 3328 718 3365 ou
730 3309 805 3384 695).

215 3399 258 3470 (ι)
276 3397 462 3454 He'radeonas
476 3398 520 3452 n’a
533 3400 619 3472 regne
630 3416 686 3473 que
698 3398 832 3472 quelques
845 3398 915 3452 mois
928 3396 973 3469 (25
983 3396 1169 3452 mai-octobre
1182 3394 1256 3468 64ι).

176 3488 314 3563 Sergius,
327 3488 486 3561 patriarche
499 3487 535 3544 de
552 3488 798 3563 Constantinople,
816 3489 910 3544 donna
922 3489 1078 3557 missenus,
1094 3507 1130 3544 eu
1141 3486 1211 3558 626,
1226 3507 1261 3544 au

180 3578 416 3647 Honotheiisme,
430 3578 534 3653 adepte
547 3598 659 3654 parson
674 3598 834 3635 successeur
845 3579 970 3652 Pyrrhus
984 3589 1013 3635 et
1025 3598 1075 3653 par
1091 3580 1196 3655 Cyrus,
1211 3598 1261 3653 pa·

179 3669 309 3725 triarche
322 3667 527 3724 d’hlexandrie.
547 3670 673 3743 Pyrrhus
690 3669 787 3742 abjura
803 3679 876 3724 cette
893 3669 1003 3723 heresie
1018 3688 1053 3723 en
1070 3667 1139 3737 646,
1159 3668 1228 3723 rnais
1245 3689 1262 3742 y

179 3758 279 3815 verint
290 3777 326 3814 en
337 3757 404 3828 648,
419 3778 470 3832 par
481 3758 565 3815 ordre
578 3758 614 3815 de
625 3759 792 3833 l’empereur
807 3759 943 3814 Constant
956 3758 994 3812 ΙΙ.
1008 3757 1067 3813 Ehe
1082 3757 1127 3813 sut
1139 3756 1262 3813 definiti-
1339 3772 1348 3801 1

180 3857 298 3904 rement
314 3846 501 3915 condamnee,
522 3858 551 3902 ct
569 3846 609 3903 les
629 3846 732 3921 prelata
750 3846 800 3922 qni
819 3845 846 3900 la
864 3847 1039 3902 seutenaient
1052 3846 1265 3903 anathematises

182 3955 239 4011 par
247 3938 288 3994 les
300 3957 383 4012 papes
393 3938 544 3994 Theodore
555 3949 585 3994 et
597 3940 719 4006 Martia,
733 3938 802 3993 dans
816 3938 856 3994 les
869 3938 989 3994 conciles
1002 3938 1038 3994 de
1049 3937 1139 3994 Rome
1148 3939 1224 4009 (648)
1236 3949 1265 3993 et

187 4026 225 4084 de
241 4028 343 4084 Iatran
356 4027 441 4103 (649).
456 4031 493 4084 Ιε
510 4029 726 4086 Monothelisme
743 4030 813 4085 n'cst
831 4048 892 4104 pas,
914 4048 1022 4085 comme
1038 4049 1075 4085 on
1094 4030 1222 4104 pour-rsit
1240 4028 1266 4082 ie

188 4118 279 4174 croire
290 4118 399 4191 d’apres
415 4116 455 4173 les
471 4119 580 4192 paroles
592 4119 627 4175 de
640 4131 722 4176 notre
737 4129 845 4188 auteur,
867 4120 892 4176 ia
913 4120 1111 4194 reproduction
1130 4118 1266 4191 complete

194 4205 227 4262 ‹le
239 4207 364 4266 l’hers'ssie
376 4208 440 4282 plus
453 4210 588 4267 ancienne
600 4210 649 4267 des
662 4209 825 4285 Acephaies.
