2894 4958
543 307 658 369 LIBER
678 308 889 371 SECUNDUS.
1191 313 1250 377 353

182 429 338 530 apostoli
357 428 495 502 meritis
519 428 631 500 multa
654 431 711 528 pie
733 429 964 529 poscentibus
992 434 1251 531 impenduntur

184 543 382 631 beneficia,
400 570 558 644 quornm
579 545 686 618 etiam
705 571 770 618 nos
788 546 978 645 participes
995 548 1101 622 faciat
1117 549 1252 624 erube*

184 689 270 736 rans
285 663 351 735 Dei
374 656 491 736 nostri
513 668 647 762 gratia,
672 689 754 762 quse
781 663 1050 763 infatigabiliter
1067 682 1250 765 operatur,

185 781 353 881 suisque,
372 806 463 880 quos
483 778 656 852 advitam
674 780 959 878 praedestinavit‚
978 782 1164 858 efficaciter
1180 785 1253 857 sul-

184 895 349 997 fragatur
361 923 426 996 per
444 912 572 969 cuncta
588 894 728 968 saeoula.
747 898 863 969 Amen
883 897 899 993 (
923 898 953 993 ).

235 1014 321 1089 XV.
350 1016 491 1087 Marcus
508 1013 755 1113 Evangelisto,
776 1013 871 1088 beati
888 1015 985 1087 Petri
1008 1016 1159 1116 apostoli
1178 1017 1253 1091 dis-

186 1132 326 1231 cipulus
344 1147 380 1206 et
394 1133 571 1230 interpres
589 1145 625 1204 et
642 1131 680 1203 in
693 1130 905 1230 baptismate
919 1132 1015 1204 filius
1032 1132 1120 1221 fuit,
1140 1134 1255 1206 Evan-
1339 1202 1344 1206 .

185 1248 393 1349 geliumque
423 1247 569 1323 Domini
597 1246 713 1321 nostri
742 1248 826 1320 Jesu
855 1246 987 1319 Christi
1017 1251 1091 1347 ejus
1119 1248 1254 1324 abore

185 1366 343 1466 scripsit.
364 1366 457 1459 Qui,
477 1365 569 1437 sicut
580 1362 712 1452 fertur,
731 1362 900 1461 pollicem
913 1360 980 1434 sibi
998 1362 1130 1436 abscidi
1145 1365 1250 1469 fecit,

186 1498 230 1555 ut
249 1481 447 1556 sacerdotio
464 1477 640 1579 reprobus
658 1477 864 1568 haberetur,
885 1505 951 1552 nec
969 1481 1150 1554 tamenab
1169 1507 1254 1582 apo·

185 1598 288 1673 stolis
317 1599 545 1698 repudiatus,
577 1597 666 1697 quin
698 1620 826 1670 eorum
854 1595 1031 1671 electione
1067 1585 1254 1700 episcopus

185 1715 414 1790 Alexandriae
439 1715 697 1816 praeficeretur.
726 1715 832 1785 Hunc
855 1696 981 1787 heatus
997 1717 1143 1807 Petrus,
1172 1744 1256 1790 cum

187 1833 226 1905 in
245 1831 337 1907 urbe
353 1834 467 1906 Roma
488 1846 597 1920 esset,
612 1830 771 1915 vocavit,
794 1844 831 1902 et
851 1829 889 1902 in
905 1830 1044 1904 ltaliam
1062 1831 1106 1903 ud
1127 1833 1257 1931 praedi·

186 1949 344 2035 candum
355 1948 523 2050 gentibus
538 1947 728 2022 destinavit
745 1977 754 2016 :
774 1946 878 2045 Quid
889 1945 968 2037 lu'c,
986 1949 1122 2049 inquit,
1139 1949 1256 2023 nobis·

186 2094 268 2141 eum
283 2065 466 2140 moraris?
480 2068 582 2139 Eece
605 2064 652 2135 de
672 2063 839 2137 omnibus
857 2064 1040 2164 quaejeeit
1054 2068 1161 2140 Jesus
1173 2067 1256 2143 Na·

186 2211 341 2257 screnus
377 2183 541 2276 eruditus
554 2208 617 2254 es.
654 2179 775 2281 Surge
802 2197 836 2252 et
871 2168 1084 2281 Aquileiam
1099 2214 1102 2222 ·
1112 2211 1253 2285 perge,
1354 2236 1359 2241 -

186 2301 312 2402 ibique
326 2299 480 2402 populis
505 2297 683 2397 dogmata
706 2323 803 2369 oeroe
824 2297 953 2370 salutis
975 2325 1123 2400 sparge.
1151 2302 1256 2373 Tunc

185 2417 329 2490 Marcus
358 2416 513 2516 primam
548 2428 683 2487 sortem
715 2413 982 2511 praedicationis
1016 2432 1052 2489 et
1085 2415 1255 2489 baculum

186 2533 418 2634 pontificatus
433 2531 587 2631 accepit,
605 2530 809 2629 injunctum
824 2530 894 2604 iter
906 2532 1080 2631 arripuit,
1096 2550 1133 2608 et
1146 2532 1256 2634 Aqui-

186 2651 313 2740 leiam,
334 2677 414 2751 quae
431 2676 476 2722 ex
495 2645 702 2743 civitatibus
716 2647 828 2720 luliae
845 2636 1048 2746 primaest,
1067 2650 1179 2722 venit.
1199 2651 1254 2723 lbi

185 2766 379 2868 quemdam
392 2769 561 2865 juvenem
577 2764 779 2863 leprosum,
798 2765 947 2839 nomine
965 2765 1169 2855 Ataull'um,
1186 2768 1254 2841 Ul-

185 2884 252 2960 fini
266 2883 415 2956 illustris
429 2894 466 2957 et
477 2881 586 2982 primi
601 2882 753 2954 civitatis
765 2881 894 2971 filium,
911 2883 1062 2971 invenit,
1079 2910 1162 2955 cum
1179 2911 1254 2985 quo

185 3001 329 3075 loeutus
351 3024 500 3071 manum
523 3000 598 3097 ejus
621 3012 656 3072 et
681 2994 869 3086 brachium
891 2996 1140 3097 apprehendit.
1167 3001 1255 3077 Mox

186 3119 286 3220 lepra
298 3117 343 3193 de
354 3143 465 3191 manu
477 3119 551 3216 ejus
561 3132 598 3191 et
612 3114 759 3188 brachio
774 3114 942 3188 mundata
957 3131 1022 3189 est.
1039 3118 1117 3190 Hoc
1128 3117 1253 3192 videns

180 3237 347 3334 juvenis,
361 3236 466 3307 citius
477 3233 521 3306 ad
534 3249 674 3332 patrem
687 3233 866 3321 cucurrit,
882 3248 922 3306 et.
934 3234 1055 3308 omnia
1070 3260 1152 3334 quae
1165 3238 1255 3308 Mar·

185 3379 250 3427 cus
259 3353 291 3428 ei
305 3352 445 3428 fecisset
457 3351 561 3425 laetus
574 3351 766 3425 enarravit.
780 3349 923 3423 Ulfinus
935 3378 1020 3452 ergo
1032 3378 1116 3424 cum
1126 3381 1253 3454 magua

185 3470 295 3544 turbu
314 3469 462 3545 celerius
484 3469 601 3558 venit,
625 3485 661 3541 et
682 3468 846 3539 Marcum
861 3468 1078 3543 residentem
1095 3468 1138 3541 ad
1162 3496 1252 3570 por-

186 3605 261 3661 tam
288 3586 551 3661 Occidentalem
577 3586 736 3672 invenit,
762 3611 915 3686 eumque
943 3603 983 3658 ut
1008 3586 1124 3659 filium
1147 3613 1252 3662 suum

219 3812 261 3882 (ι)
277 3811 359 3866 Certe
371 3809 488 3866 histoire
503 3808 538 3864 de
552 3810 623 3864 saint
636 3809 759 3864 Barnabe
771 3821 812 3865 est
824 3811 907 3878 tire'e,
923 3811 986 3865 saul
999 3811 1131 3886 quelques
1148 3813 1252 3886 legeres

185 3900 339 3966 variantes,
353 3898 402 3953 des
418 3907 491 3952 actes
506 3899 636 3969 supposes
652 3898 734 3952 e'crits
748 3915 811 3951 sous
827 3896 853 3952 le
869 3916 934 3952 nom
952 3897 987 3952 de
1005 3900 1073 3954 Jeau
1092 3902 1182 3968 Marc,
1203 3920 1252 3956 sou

185 3985 318 4061 discipule,
332 3987 422 4060 etqui
434 4003 470 4040 ue
487 3986 617 4040 meritent
633 4004 739 4041 aucune
758 3985 906 4042 confiance.
922 3985 969 4042 On
987 3985 1026 4042 les
1044 3998 1171 4045 trouvera
1185 3989 1252 4045 dans

184 4074 212 4131 le
226 4074 331 4133 recueil
345 4074 393 4133 des
404 4073 600 4144 hollandiam,
614 4085 634 4130 t.
652 4093 670 4129 ιι
685 4075 720 4130 de
729 4075 801 4147 juin.

259 4185 286 4234 s.
1062 4167 1106 4236 23
