2894 4958
538 397 657 460 LIBER
675 396 887 460 SECUNDUS.
1191 398 1247 460 351

183 526 230 597 tia
255 518 402 595 fletibus
425 516 685 616 valefecerunt,
705 532 742 590 et
764 515 867 588 divisi
890 538 1044 613 corpore
1062 539 1251 617 nunquam

184 641 225 715 in
243 638 308 712 hac
325 638 397 712 vita
414 634 645 735 postmodum
664 660 736 708 sese
752 632 935 708 viderunt.

233 751 413 828 Barnabas
423 752 619 826 etJoaunes
626 749 828 825 Laodiciam
836 747 1111 839 descenderunt,
1121 749 1252 824 etiude

185 872 225 945 iu
252 870 434 944 civitatem
458 893 542 969 quae
570 865 765 940 Anemoria
788 868 845 965 (r)
873 882 1023 939 vocatur
1050 883 1251 957 veneruut;

183 987 310 1090 ibique
323 986 369 1060 ab
384 986 434 1060 eir
447 983 596 1086 quidam
609 981 743 1057 ethnici
761 1008 897 1084 sagaces
910 998 946 1057 et
958 981 1117 1058 benivoli
1135 982 1253 1058 audita

185 1102 444 1206 praedicatione
461 1099 607 1174 Christo
626 1099 876 1188 crediderunt,
897 1115 934 1173 et
949 1098 1118 1200 baptizati
1138 1103 1255 1173 virtu-

186 1237 263 1298 tem
293 1220 448 1320 Spiritus
478 1219 600 1292 Sancti
628 1232 856 1318 acceperunt.
887 1217 1024 1292 Deinde
1050 1218 1257 1318 navigantes

186 1337 352 1439 Cyprum
363 1329 629 1435 pervenerunt,
646 1333 769 1435 ibique
781 1336 975 1409 Timonem
987 1350 1023 1408 et
1035 1335 1256 1409 Aristionem

186 1454 343 1531 famulos
364 1454 512 1528 Domini
537 1453 769 1527 invenerunt.
789 1453 926 1526 Timon
944 1467 1064 1526 autem
1086 1451 1259 1526 urebatur

187 1571 328 1672 magnis
344 1568 521 1645 febribus.
543 1569 610 1641 Cui
635 1595 718 1642 cum
738 1568 917 1642 Barnabas
935 1569 1159 1670 imposuisset
1179 1597 1259 1644 ma-

187 1713 258 1762 nua
274 1703 311 1763 et
327 1712 468 1760 sacrum
484 1686 718 1788 Evangelium
727 1739 738 1775 ,
751 1709 817 1785 per
830 1686 1096 1760 invocationem
1110 1686 1257 1761 Domini

187 1806 307 1882 nostri
323 1807 407 1880 lesu
420 1805 542 1878 atatim
555 1804 667 1878 febris
681 1803 802 1905 fugata
815 1820 887 1893 est,
903 1819 940 1878 et
955 1806 1013 1876 vir
1029 1802 1118 1877 adeo
1134 1830 1259 1878 corro-

189 1921 340 2000 boratus
358 1939 431 2012 est,
451 1939 493 1997 ut
510 1925 688 1999 continuo
707 1939 849 1998 sanctos
864 1924 929 1998 Dei
947 1938 1157 2025 sequeretur
1174 1950 1259 1997 cum

189 2041 335 2143 gaudio.

241 2158 298 2231 Ex
311 2155 477 2235 doctrina
497 2157 743 2256 apostolorum
757 2155 881 2231 beatus
898 2157 1076 2232 Barnabas
1095 2158 1261 2259 Evange-

189 2274 282 2349 lium
306 2275 420 2347 sancti
445 2274 607 2348 Matthoei
631 2275 783 2374 apostoli
805 2301 926 2349 secum
942 2274 1100 2369 ferebat,
1122 2291 1158 2351 et
1175 2274 1262 2349 ubi-

192 2417 348 2492 cumque
369 2390 535 2466 infirmos
556 2391 781 2483 inveniebat,
799 2393 888 2466 illud
904 2420 1011 2495 super
1027 2395 1123 2495 ipsos
1142 2421 1261 2495 pone-

192 2506 258 2585 bat
285 2521 321 2583 et
345 2508 513 2608 protinus
537 2509 768 2601 sanabantur,
794 2538 814 2584 a
836 2538 1066 2615 quocumque
1089 2512 1262 2614 languore

194 2624 429 2701 tenebantur.
455 2625 659 2700 Heraclium
676 2654 786 2715 vero,
811 2654 920 2729 quem
936 2630 1064 2703 Paulus
1079 2630 1262 2729 apostolus

193 2741 458 2845 baptizaverat,
483 2743 664 2817 Barnabas
683 2745 727 2818 ad
751 2746 1076 2821 commonitionem
1102 2746 1263 2821 fidelium

194 2859 406 2958 episcopum
421 2857 579 2934 ordinat.
596 2858 733 2935 Deinde
748 2860 836 2934 dum
851 2860 1014 2960 Paphum
1030 2862 1184 2937 introire
1195 2889 1264 2936 vo-

194 2975 342 3067 luisset,
361 2992 399 3051 ct
414 2978 542 3076 Daq'eu
559 2978 616 3075 (a)
634 2977 815 3053 maleficus
831 2978 996 3068 Judaeus,
1014 3004 1124 3080 quem
1136 2981 1265 3053 Paulus

191 3090 407 3192 jamdudum
431 3090 476 3164 ad
498 3107 640 3192 tempus
663 3093 801 3168 lumine
822 3095 1042 3194 privaverat,
1060 3095 1265 3195 apostolum

197 3208 444 3310 cognovisset,
469 3207 605 3282 malitia
625 3226 829 3285 commotus
845 3209 988 3285 obstitit
1005 3227 1184 3312 quantum
1202 3238 1266 3312 po

196 3326 271 3400 tuit
299 3340 338 3402 et
363 3323 528 3426 Paphum
555 3328 693 3429 ingredi
727 3326 930 3428 probibuit.
959 3326 1117 3404 Proinde
1139 3328 1266 3403 beatus

196 3446 256 3522 vir
267 3445 306 3520 in
320 3445 512 3546 quemdam
531 3446 653 3521 locum
665 3446 831 3539 divertit,
849 3449 888 3521 in
907 3474 981 3549 quo
992 3447 1155 3523 ethnicos
1168 3449 1267 3522 viros

197 3561 318 3635 nudos
337 3579 374 3636 et
391 3562 559 3637 mudierus
578 3563 737 3638 ludendo
761 3589 906 3638 currere
929 3564 1034 3636 vidit.
1058 3563 1269 3664 Indignatus

199 3702 288 3777 ergo
313 3677 510 3768 Barnabas,
533 3704 620 3753 mox
645 3681 822 3781 templum
847 3681 1049 3770 maledixit,
1076 3683 1270 3784 statimque

199 3817 284 3890 pars
305 3793 430 3893 templi
454 3793 619 3869 funditus
636 3799 794 3889 corruit,
813 3803 915 3899 cujus
935 3800 1041 3872 ruina
1065 3799 1200 3874 multos
1226 3827 1271 3874 ex

235 4080 277 4151 (r)
294 4080 377 4136 cette
387 4080 453 4137 ville
465 4093 508 4138 eat
520 4088 648 4142 uommde
662 4086 846 4145 Anemuriwn
861 4106 912 4162 par
922 4086 1011 4143 Pliue.

236 4171 279 4241 (a)
295 4170 393 4228 Lien:
412 4171 544 4247 Barjesu.
940 4171 943 4175 ⁸
