2894 4958
511 366 629 429 LIBER
648 366 858 431 SECUNDUS.
1160 372 1223 432 199

166 491 316 566 nesciens
338 487 437 589 quod
458 487 595 560 lactum
616 485 735 560 fuerat
759 473 1000 587 ingr-esseest,
1018 503 1056 560 et
1072 513 1091 558 a
1108 487 1220 562 Petro.

166 621 377 707 ntcrrogata
391 605 435 679 de
447 604 565 704 pretio
575 604 649 704 agri
660 656 671 693 ,
684 604 834 678 mentita
848 619 914 677 est.
929 603 1007 703 lpsa
1017 629 1162 704 quoque
1172 603 1219 677 ab

166 723 321 824 tpottolo
339 722 540 820 increpata,
558 719 751 793 confestim
767 735 850 794 ante
866 718 971 818 pedes
990 722 1064 819 ejus
1080 722 1221 795 corruit

166 856 195 917 at
217 856 363 914 mortua
389 853 455 913 est.
482 838 610 911 Timor
635 836 754 937 itaque
783 863 941 938 magnus-
957 837 994 909 in
1017 838 1220 911 universam

166 954 361 1043 molosiam,
391 970 429 1028 et
455 953 494 1026 in
523 978 647 1027 omnes
672 954 735 1053 qui
761 953 953 1028 audierunt
978 951 1077 1043 baec,
1105 953 1221 1027 factus

166 1074 248 1172 tat(
273 1074 304 1172 ).

206 1187 277 1260 Per
288 1213 417 1259 manua
428 1186 674 1285 apostolorum
686 1184 800 1257 multa
814 1185 851 1257 in
864 1182 970 1283 plebe
982 1185 1081 1285 signa
1094 1199 1130 1258 et
1142 1210 1222 1283 pro-

166 1303 254 1405 ligia
272 1302 426 1393 fiebant,
446 1320 482 1388 et
500 1329 624 1376 omnes
645 1308 683 1374 in
704 1302 850 1401 porticu
873 1301 1074 1378 Salomonis
1091 1303 1225 1375 unani·-

166 1419 270 1515 miter
287 1433 401 1491 eram.
425 1418 648 1491 Gaeterorum
665 1432 786 1491 autem
802 1441 911 1491 nemo
927 1415 999 1489 illis
1017 1441 1053 1490 se
1068 1419 1225 1515 conjun-

166 1560 244 1636 gere
270 1532 445 1621 audebat,
477 1531 537 1606 sed
563 1530 717 1632 populus
742 1558 803 1606 eos
825 1529 1088 1633 magnificabat.
1116 1533 1228 1633 Magis

166 1647 357 1751 augebatur
385 1647 610 1722 credentium
635 1648 673 1719 in
698 1648 857 1721 Domino
881 1647 1101 1736 multitudo,
1128 1649 1230 1721 viro·

166 1792 246 1840 rum
268 1792 310 1839 ac
334 1765 541 1838 mulierum.
565 1764 608 1837 lu
630 1764 756 1864 plateis
782 1763 916 1837 infirmi
939 1763 1170 1863 ponebantur
1187 1765 1226 1837 in

166 1882 322 1970 lectualia,
336 1899 399 1971 ut,
417 1881 584 1955 veniente
601 1883 729 1970 Petro,
750 1880 875 1954 saltem
891 1878 1019 1952 umbra
1043 1879 1139 1953 illius
1156 1879 1228 1954 ob-

166 1997 349 2073 umbraret
361 2024 580 2098 quemquam
593 1997 760 2085 illorum,
772 2012 810 2072 et
823 1997 1063 2072 liberarentur
1073 1995 1119 2070 ab
1133 1996 1230 2070 infir·

164 2113 351 2187 mitatibus
362 2114 667 2188 suis.Viciuarum
678 2139 824 2216 quoque
835 2114 1018 2187 civitatum
1033 2113 1230 2188 multitudo

166 2234 206 2306 in
221 2232 419 2307 Jerusalem
437 2232 481 2305 ad
500 2231 680 2331 apostolos
696 2229 953 2321 concurrebat,
971 2255 1086 2332 aegros
1102 2247 1139 2306 et
1154 2231 1231 2304 dae-

166 2349 349 2426 mouiacos
376 2347 567 2439 afferebat,
597 2363 635 2422 et
662 2348 802 2422 cunctis
830 2362 951 2448 optata
978 2346 1070 2420 salus
1095 2373 1232 2447 prove-

166 2461 322 2562 niebat(
347 2467 379 2561 ).

189 2642 195 2655 .
212 2579 385 2691 Princeps
399 2578 643 2668 sacerdotum,
663 2595 700 2653 et
716 2603 843 2655 omnes
854 2581 918 2679 qui
935 2603 1018 2651 cum
1030 2576 1096 2651 illo
1108 2593 1230 2668 erant,

166 2693 244 2770 zelo
268 2695 396 2794 repleti
419 2709 524 2784 sunt3
544 2720 671 2767 manns
690 2696 730 2767 in
746 2694 926 2794 apostolos
952 2694 1173 2792 injecerunt,
1196 2709 1233 2767 et

167 2810 206 2887 itt
231 2809 393 2886 custodia
419 2811 500 2885 illoc
527 2810 671 2910 publica
696 2828 909 2911 posuerunt.
935 2810 1093 2912 Angelus
1112 2827 1233 2885 autem

167 2927 317 3005 Domini
343 2955 408 3027 per
433 2943 579 3004 noctem
600 2932 727 3026 januas
745 2927 896 3002 carceris
911 2924 1072 3026 aperuit,
1093 2942 1131 3001 et
1145 2927 1235 3000 edu-

167 3068 253 3121 cans
280 3071 341 3118 eos
363 3044 458 3118 dixit
480 3075 489 3116 :
511 3047 586 3136 Ite,
612 3062 799 3119 certantes
822 3045 1015 3143 loquimini
1036 3047 1075 3116 in
1100 3045 1233 3146 templo

166 3160 270 3262 ptati
285 3163 412 3233 omnia
432 3159 545 3233 verba
567 3163 655 3234 vitre
675 3160 799 3261 hujus.
818 3160 934 3234 Porro
951 3159 1002 3232 illi
1019 3158 1178 3235 diluculo
1195 3160 1233 3232 in

170 3274 347 3375 templum
363 3277 611 3368 intraverunt,
628 3293 667 3351 et
683 3276 836 3350 verbum
855 3277 919 3351 Dei
934 3302 1016 3349 cum
1033 3275 1160 3349 fiducia
1177 3275 1232 3351 lo·

169 3391 244 3479 cuti
259 3407 357 3464 aunt.
376 3392 546 3491 Princeps
558 3391 805 3482 sacerdotum,
820 3410 856 3467 et
871 3393 935 3493 qui
948 3417 1031 3465 cum
1047 3419 1091 3467 eo
1108 3409 1232 3485 eraut,

170 3507 365 3583 concilium
383 3524 692 3597 convocaverunt,
711 3509 812 3582 acad
829 3534 1008 3583 carcerem
1024 3524 1065 3582 ut
1083 3508 1235 3584 adduce·

172 3640 301 3700 ratur
326 3625 515 3698 miserunt.
543 3625 641 3697 Missi
668 3649 756 3699 vero
780 3650 959 3698 carcerem
983 3623 1131 3724 quidem
1151 3648 1235 3698 cum

170 3741 271 3814 canui
288 3739 470 3840 diligentia
491 3741 671 3830 clausum,
689 3741 750 3816 sed
772 3742 954 3816 neminem
970 3741 1067 3814 intus
1084 3741 1235 3816 invenc-

205 4024 246 4094 (ι)
264 4023 330 4078 Act.
343 4034 433 4095 apost.
449 4044 476 4094 v,
493 4046 535 4081 ι-ι
544 4047 566 4081 1.
581 4028 689 4096 (Annee
700 4025 735 4083 33
747 4027 782 4083 de
792 4027 857 4083 l'ere
866 4027 1092 4100 obretienne.)-
1104 4029 1144 4100 (u)
1157 4028 1232 4085 Ibid.

175 4129 201 4182 v,
218 4111 309 4168 12-16.
324 4114 433 4185 (bieme
447 4117 556 4187 anule.)
