<?xml version="1.0" encoding="UTF-8"?>
<!DOCTYPE html PUBLIC "-//W3C//DTD XHTML 1.0 Transitional//EN"
    "http://www.w3.org/TR/xhtml1/DTD/xhtml1-transitional.dtd">
<html xmlns="http://www.w3.org/1999/xhtml" xml:lang="en" lang="en">
 <head>
  <title>
</title>
<meta http-equiv="Content-Type" content="text/html;charset=utf-8" />
  <meta name='ocr-system' content='tesseract 3.04.00' />
  <meta name='ocr-capabilities' content='ocr_page ocr_carea ocr_par ocr_line ocrx_word'/>
</head>
<body>
  <div class='ocr_page' id='page_1' title='image "./ordericivitalis02deligoog/ordericivitalis02deligoog_0209.png"; bbox 0 0 2894 4958; ppageno 0'>
   <div class='ocr_carea' id='block_1_1' title="bbox 187 428 968 495">
    <p class='ocr_par' dir='ltr' id='par_1_1' title="bbox 187 428 968 495">
     <span class='ocr_line' id='line_1_1' title="bbox 187 428 968 495; baseline -0.009 0"><span class='ocrx_word' id='word_1_1' title='bbox 187 437 245 495; x_wconf 84' lang='grc'>196</span> <span class='ocrx_word' id='word_1_2' title='bbox 459 430 642 492; x_wconf 78' lang='lat' dir='ltr'><strong>HISTORIA</strong></span> <span class='ocrx_word' id='word_1_3' title='bbox 665 428 968 491; x_wconf 70' lang='lat' dir='ltr'>Ecctmttsrtcx.</span> 
     </span>
    </p>
   </div>
   <div class='ocr_carea' id='block_1_2' title="bbox 134 547 1248 3911">
    <p class='ocr_par' dir='ltr' id='par_1_2' title="bbox 134 547 1248 3911">
     <span class='ocr_line' id='line_1_2' title="bbox 185 547 1236 650; baseline -0.003 -26"><span class='ocrx_word' id='word_1_4' title='bbox 185 581 247 626; x_wconf 90' lang='lat' dir='ltr'>nes</span> <span class='ocrx_word' id='word_1_5' title='bbox 264 551 371 623; x_wconf 88' lang='lat' dir='ltr'>ctiam</span> <span class='ocrx_word' id='word_1_6' title='bbox 388 550 450 650; x_wconf 90' lang='lat' dir='ltr'>qui</span> <span class='ocrx_word' id='word_1_7' title='bbox 466 548 658 622; x_wconf 87' lang='lat' dir='ltr'>credebant</span> <span class='ocrx_word' id='word_1_8' title='bbox 674 551 809 647; x_wconf 83' lang='lat' dir='ltr'>pariter</span> <span class='ocrx_word' id='word_1_9' title='bbox 824 547 1049 634; x_wconf 79' lang='lat' dir='ltr'>habitabant,</span> <span class='ocrx_word' id='word_1_10' title='bbox 1068 565 1105 621; x_wconf 92' lang='lat' dir='ltr'>ct</span> <span class='ocrx_word' id='word_1_11' title='bbox 1122 553 1236 623; x_wconf 90' lang='lat' dir='ltr'>omnia</span> 
     </span>
     <span class='ocr_line' id='line_1_3' title="bbox 185 662 1239 741; baseline -0.002 0"><span class='ocrx_word' id='word_1_12' title='bbox 185 668 388 741; x_wconf 89' lang='lat' dir='ltr'>communia</span> <span class='ocrx_word' id='word_1_13' title='bbox 399 664 591 739; x_wconf 86' lang='lat' dir='ltr'>habebant.</span> <span class='ocrx_word' id='word_1_14' title='bbox 602 666 839 738; x_wconf 88' lang='lat' dir='ltr'>Possessiones</span> <span class='ocrx_word' id='word_1_15' title='bbox 850 662 1239 739; x_wconf 84' lang='lat' dir='ltr'>etsubstantiasv&#39;ende·</span> 
     </span>
     <span class='ocr_line' id='line_1_4' title="bbox 184 780 1240 883; baseline -0.002 -26"><span class='ocrx_word' id='word_1_16' title='bbox 184 784 292 874; x_wconf 84' lang='lat' dir='ltr'>bant,</span> <span class='ocrx_word' id='word_1_17' title='bbox 307 800 343 857; x_wconf 90' lang='lat' dir='ltr'>et</span> <span class='ocrx_word' id='word_1_18' title='bbox 355 782 537 870; x_wconf 90' lang='lat' dir='ltr'>omnibus,</span> <span class='ocrx_word' id='word_1_19' title='bbox 553 800 664 881; x_wconf 88' lang='lat' dir='ltr'>prout</span> <span class='ocrx_word' id='word_1_20' title='bbox 681 784 810 883; x_wconf 91' lang='lat' dir='ltr'>cuique</span> <span class='ocrx_word' id='word_1_21' title='bbox 822 808 912 880; x_wconf 86' lang='lat' dir='ltr'>opus</span> <span class='ocrx_word' id='word_1_22' title='bbox 928 798 1024 869; x_wconf 89' lang='lat' dir='ltr'>erat,</span> <span class='ocrx_word' id='word_1_23' title='bbox 1041 780 1099 854; x_wconf 86' lang='lat' dir='ltr'>illa</span> <span class='ocrx_word' id='word_1_24' title='bbox 1112 781 1240 855; x_wconf 80' lang='lat' dir='ltr'>divide</span> 
     </span>
     <span class='ocr_line' id='line_1_5' title="bbox 184 897 1242 994; baseline -0.002 -21"><span class='ocrx_word' id='word_1_25' title='bbox 184 901 287 974; x_wconf 91' lang='lat' dir='ltr'>bant.</span> <span class='ocrx_word' id='word_1_26' title='bbox 304 900 473 994; x_wconf 83' lang='lat' dir='ltr'><strong>Quotidie</strong></span> <span class='ocrx_word' id='word_1_27' title='bbox 489 898 607 973; x_wconf 87' lang='lat' dir='ltr'>fideles</span> <span class='ocrx_word' id='word_1_28' title='bbox 624 897 828 972; x_wconf 82' lang='lat' dir='ltr'><strong>crescebant</strong></span> <span class='ocrx_word' id='word_1_29' title='bbox 844 897 1056 987; x_wconf 82' lang='lat' dir='ltr'>virtutibus,</span> <span class='ocrx_word' id='word_1_30' title='bbox 1072 900 1242 972; x_wconf 88' lang='lat' dir='ltr'>Domino-</span> 
     </span>
     <span class='ocr_line' id='line_1_6' title="bbox 184 1012 1238 1118; baseline -0.004 -26"><span class='ocrx_word' id='word_1_31' title='bbox 184 1017 576 1118; x_wconf 83' lang='lat' dir='ltr'>queaugentequisalvi</span> <span class='ocrx_word' id='word_1_32' title='bbox 588 1017 728 1104; x_wconf 89' lang='lat' dir='ltr'>fierent,</span> <span class='ocrx_word' id='word_1_33' title='bbox 739 1012 1238 1088; x_wconf 82' lang='lat' dir='ltr'>crescebateorumnumenrs.</span> 
     </span>
     <span class='ocr_line' id='line_1_7' title="bbox 234 1132 1240 1230; baseline -0.008 -19"><span class='ocrx_word' id='word_1_34' title='bbox 234 1139 360 1210; x_wconf 88' lang='lat' dir='ltr'>Petrus</span> <span class='ocrx_word' id='word_1_35' title='bbox 385 1161 467 1207; x_wconf 90' lang='lat' dir='ltr'>cum</span> <span class='ocrx_word' id='word_1_36' title='bbox 490 1135 628 1207; x_wconf 90' lang='lat' dir='ltr'>Joanne</span> <span class='ocrx_word' id='word_1_37' title='bbox 651 1132 737 1206; x_wconf 89' lang='lat' dir='ltr'>hora</span> <span class='ocrx_word' id='word_1_38' title='bbox 754 1158 849 1206; x_wconf 92' lang='lat' dir='ltr'>nona</span> <span class='ocrx_word' id='word_1_39' title='bbox 868 1132 1042 1230; x_wconf 90' lang='lat' dir='ltr'>templum</span> <span class='ocrx_word' id='word_1_40' title='bbox 1065 1132 1240 1221; x_wconf 88' lang='lat' dir='ltr'>ascendit,</span> 
     </span>
     <span class='ocr_line' id='line_1_8' title="bbox 188 1248 1244 1353; baseline -0.001 -29"><span class='ocrx_word' id='word_1_41' title='bbox 188 1251 308 1353; x_wconf 84' lang='lat' dir='ltr'>ibique</span> <span class='ocrx_word' id='word_1_42' title='bbox 325 1252 644 1350; x_wconf 84' lang='lat' dir='ltr'>quadragenarium</span> <span class='ocrx_word' id='word_1_43' title='bbox 656 1275 699 1322; x_wconf 90' lang='lat' dir='ltr'>ex</span> <span class='ocrx_word' id='word_1_44' title='bbox 712 1266 817 1323; x_wconf 90' lang='lat' dir='ltr'>utero</span> <span class='ocrx_word' id='word_1_45' title='bbox 830 1250 953 1322; x_wconf 90' lang='lat' dir='ltr'>matris</span> <span class='ocrx_word' id='word_1_46' title='bbox 965 1248 1133 1323; x_wconf 89' lang='lat' dir='ltr'>claudum</span> <span class='ocrx_word' id='word_1_47' title='bbox 1146 1276 1244 1323; x_wconf 87' lang='lat' dir='ltr'>men·</span> 
     </span>
     <span class='ocr_line' id='line_1_9' title="bbox 186 1364 1245 1467; baseline -0.003 -25"><span class='ocrx_word' id='word_1_48' title='bbox 186 1369 366 1442; x_wconf 76' lang='lat' dir='ltr'>dicantem</span> <span class='ocrx_word' id='word_1_49' title='bbox 388 1369 555 1467; x_wconf 82' lang='lat' dir='ltr'>respexit.</span> <span class='ocrx_word' id='word_1_50' title='bbox 575 1367 716 1467; x_wconf 80' lang='lat' dir='ltr'>Negans</span> <span class='ocrx_word' id='word_1_51' title='bbox 732 1392 819 1439; x_wconf 87' lang='lat' dir='ltr'>vcro</span> <span class='ocrx_word' id='word_1_52' title='bbox 834 1364 900 1438; x_wconf 92' lang='lat' dir='ltr'>sibi</span> <span class='ocrx_word' id='word_1_53' title='bbox 921 1391 992 1439; x_wconf 83' lang='lat' dir='ltr'>csse</span> <span class='ocrx_word' id='word_1_54' title='bbox 1006 1364 1168 1455; x_wconf 82' lang='lat' dir='ltr'>divitias,</span> <span class='ocrx_word' id='word_1_55' title='bbox 1187 1367 1245 1440; x_wconf 90' lang='lat' dir='ltr'>in·</span> 
     </span>
     <span class='ocr_line' id='line_1_10' title="bbox 187 1482 1245 1584; baseline -0.003 -26"><span class='ocrx_word' id='word_1_56' title='bbox 187 1485 322 1583; x_wconf 81' lang='lat' dir='ltr'>digcnti</span> <span class='ocrx_word' id='word_1_57' title='bbox 340 1485 466 1557; x_wconf 92' lang='lat' dir='ltr'>melius</span> <span class='ocrx_word' id='word_1_58' title='bbox 479 1482 632 1570; x_wconf 91' lang='lat' dir='ltr'>obtulit,</span> <span class='ocrx_word' id='word_1_59' title='bbox 649 1509 802 1584; x_wconf 88' lang='lat' dir='ltr'>cumque</span> <span class='ocrx_word' id='word_1_60' title='bbox 815 1482 1030 1582; x_wconf 81' lang='lat' dir='ltr'>apprehensa</span> <span class='ocrx_word' id='word_1_61' title='bbox 1049 1509 1160 1555; x_wconf 91' lang='lat' dir='ltr'>manu</span> <span class='ocrx_word' id='word_1_62' title='bbox 1176 1510 1245 1557; x_wconf 89' lang='lat' dir='ltr'>ser·</span> 
     </span>
     <span class='ocr_line' id='line_1_11' title="bbox 187 1599 1245 1699; baseline 0.002 -27"><span class='ocrx_word' id='word_1_63' title='bbox 187 1628 296 1675; x_wconf 89' lang='lat' dir='ltr'>mone</span> <span class='ocrx_word' id='word_1_64' title='bbox 305 1628 390 1675; x_wconf 86' lang='lat' dir='ltr'>mox</span> <span class='ocrx_word' id='word_1_65' title='bbox 401 1601 439 1672; x_wconf 94' lang='lat' dir='ltr'>in</span> <span class='ocrx_word' id='word_1_66' title='bbox 450 1602 689 1674; x_wconf 80' lang='lat' dir='ltr'>riominclesu</span> <span class='ocrx_word' id='word_1_67' title='bbox 699 1599 829 1672; x_wconf 78' lang='lat' dir='ltr'>Christi</span> <span class='ocrx_word' id='word_1_68' title='bbox 843 1601 990 1674; x_wconf 79' lang='lat' dir='ltr'>curavit.</span> <span class='ocrx_word' id='word_1_69' title='bbox 1001 1600 1071 1692; x_wconf 90' lang='lat' dir='ltr'>Qui</span> <span class='ocrx_word' id='word_1_70' title='bbox 1080 1601 1245 1699; x_wconf 89' lang='lat' dir='ltr'>protinus</span> 
     </span>
     <span class='ocr_line' id='line_1_12' title="bbox 188 1716 1245 1816; baseline -0.002 -25"><span class='ocrx_word' id='word_1_71' title='bbox 188 1719 416 1793; x_wconf 86' lang='lat' dir='ltr'>consolidatis</span> <span class='ocrx_word' id='word_1_72' title='bbox 429 1716 570 1790; x_wconf 89' lang='lat' dir='ltr'>basibus</span> <span class='ocrx_word' id='word_1_73' title='bbox 583 1734 618 1791; x_wconf 88' lang='lat' dir='ltr'>et</span> <span class='ocrx_word' id='word_1_74' title='bbox 633 1718 764 1816; x_wconf 87' lang='lat' dir='ltr'>plantis</span> <span class='ocrx_word' id='word_1_75' title='bbox 778 1718 925 1790; x_wconf 84' lang='lat' dir='ltr'>exiliens</span> <span class='ocrx_word' id='word_1_76' title='bbox 936 1733 971 1789; x_wconf 88' lang='lat' dir='ltr'>et</span> <span class='ocrx_word' id='word_1_77' title='bbox 981 1743 1149 1803; x_wconf 86' lang='lat' dir='ltr'>currens,</span> <span class='ocrx_word' id='word_1_78' title='bbox 1166 1744 1245 1789; x_wconf 92' lang='lat' dir='ltr'>cum</span> 
     </span>
     <span class='ocr_line' id='line_1_13' title="bbox 186 1833 1245 1934; baseline -0.002 -26"><span class='ocrx_word' id='word_1_79' title='bbox 186 1837 256 1908; x_wconf 91' lang='lat' dir='ltr'>illis</span> <span class='ocrx_word' id='word_1_80' title='bbox 274 1837 448 1934; x_wconf 91' lang='lat' dir='ltr'>templum</span> <span class='ocrx_word' id='word_1_81' title='bbox 472 1836 636 1920; x_wconf 87' lang='lat' dir='ltr'>intravit,</span> <span class='ocrx_word' id='word_1_82' title='bbox 656 1850 691 1906; x_wconf 92' lang='lat' dir='ltr'>ct</span> <span class='ocrx_word' id='word_1_83' title='bbox 710 1833 863 1933; x_wconf 80' lang='lat' dir='ltr'>gaudens</span> <span class='ocrx_word' id='word_1_84' title='bbox 881 1835 1080 1906; x_wconf 88' lang='lat' dir='ltr'>Dominum</span> <span class='ocrx_word' id='word_1_85' title='bbox 1104 1833 1245 1933; x_wconf 88' lang='lat' dir='ltr'>publice</span> 
     </span>
     <span class='ocr_line' id='line_1_14' title="bbox 185 1951 1244 2050; baseline -0.003 -24"><span class='ocrx_word' id='word_1_86' title='bbox 185 1954 353 2026; x_wconf 84' lang='lat' dir='ltr'>laudavit.</span> <span class='ocrx_word' id='word_1_87' title='bbox 369 1954 494 2025; x_wconf 89' lang='lat' dir='ltr'>Omnis</span> <span class='ocrx_word' id='word_1_88' title='bbox 505 1968 625 2024; x_wconf 90' lang='lat' dir='ltr'>autem</span> <span class='ocrx_word' id='word_1_89' title='bbox 637 1951 804 2049; x_wconf 88' lang='lat' dir='ltr'>populus,</span> <span class='ocrx_word' id='word_1_90' title='bbox 817 1967 858 2023; x_wconf 94' lang='lat' dir='ltr'>ut</span> <span class='ocrx_word' id='word_1_91' title='bbox 871 1951 1019 2050; x_wconf 88' lang='lat' dir='ltr'>speciale</span> <span class='ocrx_word' id='word_1_92' title='bbox 1031 1951 1244 2024; x_wconf 86' lang='lat' dir='ltr'>miraculum</span> 
     </span>
     <span class='ocr_line' id='line_1_15' title="bbox 185 2066 1242 2169; baseline -0.002 -28"><span class='ocrx_word' id='word_1_93' title='bbox 185 2070 277 2143; x_wconf 82' lang='lat' dir='ltr'>vidit</span> <span class='ocrx_word' id='word_1_94' title='bbox 293 2069 429 2141; x_wconf 86' lang='lat' dir='ltr'>sactum</span> <span class='ocrx_word' id='word_1_95' title='bbox 456 2071 493 2140; x_wconf 94' lang='lat' dir='ltr'>in</span> <span class='ocrx_word' id='word_1_96' title='bbox 518 2069 664 2140; x_wconf 92' lang='lat' dir='ltr'>nomine</span> <span class='ocrx_word' id='word_1_97' title='bbox 687 2066 818 2138; x_wconf 87' lang='lat' dir='ltr'>Christi</span> <span class='ocrx_word' id='word_1_98' title='bbox 843 2094 949 2167; x_wconf 89' lang='lat' dir='ltr'>super</span> <span class='ocrx_word' id='word_1_99' title='bbox 974 2067 1161 2157; x_wconf 88' lang='lat' dir='ltr'>claudum,</span> <span class='ocrx_word' id='word_1_100' title='bbox 1182 2069 1242 2169; x_wconf 87' lang='lat' dir='ltr'>qui</span> 
     </span>
     <span class='ocr_line' id='line_1_16' title="bbox 185 2180 1244 2286; baseline 0 -30"><span class='ocrx_word' id='word_1_101' title='bbox 185 2185 347 2286; x_wconf 89' lang='lat' dir='ltr'>quotidie</span> <span class='ocrx_word' id='word_1_102' title='bbox 365 2181 566 2283; x_wconf 90' lang='lat' dir='ltr'>ponebatur</span> <span class='ocrx_word' id='word_1_103' title='bbox 582 2180 625 2253; x_wconf 92' lang='lat' dir='ltr'>ad</span> <span class='ocrx_word' id='word_1_104' title='bbox 646 2184 839 2280; x_wconf 89' lang='lat' dir='ltr'>speciosam</span> <span class='ocrx_word' id='word_1_105' title='bbox 854 2199 996 2281; x_wconf 89' lang='lat' dir='ltr'>portam</span> <span class='ocrx_word' id='word_1_106' title='bbox 1016 2183 1166 2283; x_wconf 84' lang='lat' dir='ltr'>templi,</span> <span class='ocrx_word' id='word_1_107' title='bbox 1191 2209 1244 2256; x_wconf 85' lang='lat' dir='ltr'>rc-</span> 
     </span>
     <span class='ocr_line' id='line_1_17' title="bbox 185 2300 1243 2400; baseline 0.002 -29"><span class='ocrx_word' id='word_1_108' title='bbox 185 2301 303 2400; x_wconf 88' lang='lat' dir='ltr'>pletus</span> <span class='ocrx_word' id='word_1_109' title='bbox 325 2316 379 2374; x_wconf 93' lang='lat' dir='ltr'>est</span> <span class='ocrx_word' id='word_1_110' title='bbox 398 2314 544 2398; x_wconf 90' lang='lat' dir='ltr'>stupore</span> <span class='ocrx_word' id='word_1_111' title='bbox 567 2314 603 2372; x_wconf 89' lang='lat' dir='ltr'>et</span> <span class='ocrx_word' id='word_1_112' title='bbox 627 2301 750 2372; x_wconf 84' lang='lat' dir='ltr'>extasi.</span> <span class='ocrx_word' id='word_1_113' title='bbox 776 2300 866 2372; x_wconf 91' lang='lat' dir='ltr'>Cum</span> <span class='ocrx_word' id='word_1_114' title='bbox 892 2315 1104 2373; x_wconf 90' lang='lat' dir='ltr'>tenerentur</span> <span class='ocrx_word' id='word_1_115' title='bbox 1128 2316 1243 2373; x_wconf 87' lang='lat' dir='ltr'>autem</span> 
     </span>
     <span class='ocr_line' id='line_1_18' title="bbox 185 2416 1245 2517; baseline 0 -28"><span class='ocrx_word' id='word_1_116' title='bbox 185 2417 352 2517; x_wconf 90' lang='lat' dir='ltr'>apostoli,</span> <span class='ocrx_word' id='word_1_117' title='bbox 367 2417 553 2488; x_wconf 88' lang='lat' dir='ltr'>concurrit</span> <span class='ocrx_word' id='word_1_118' title='bbox 565 2416 719 2515; x_wconf 89' lang='lat' dir='ltr'>populus</span> <span class='ocrx_word' id='word_1_119' title='bbox 728 2418 772 2488; x_wconf 89' lang='lat' dir='ltr'>ad</span> <span class='ocrx_word' id='word_1_120' title='bbox 780 2418 961 2515; x_wconf 90' lang='lat' dir='ltr'>porticum</span> <span class='ocrx_word' id='word_1_121' title='bbox 975 2416 1195 2506; x_wconf 88' lang='lat' dir='ltr'>Salomonis,</span> <span class='ocrx_word' id='word_1_122' title='bbox 1207 2434 1245 2489; x_wconf 90' lang='lat' dir='ltr'>ut</span> 
     </span>
     <span class='ocr_line' id='line_1_19' title="bbox 188 2531 1243 2629; baseline -0.001 -24"><span class='ocrx_word' id='word_1_123' title='bbox 188 2532 356 2605; x_wconf 92' lang='lat' dir='ltr'>claudum</span> <span class='ocrx_word' id='word_1_124' title='bbox 371 2531 508 2605; x_wconf 76' lang='lat' dir='ltr'>rideret</span> <span class='ocrx_word' id='word_1_125' title='bbox 516 2534 590 2629; x_wconf 87' lang='lat' dir='ltr'>jam</span> <span class='ocrx_word' id='word_1_126' title='bbox 607 2549 772 2604; x_wconf 88' lang='lat' dir='ltr'>curatum</span> <span class='ocrx_word' id='word_1_127' title='bbox 784 2535 919 2607; x_wconf 86' lang='lat' dir='ltr'>virtute</span> <span class='ocrx_word' id='word_1_128' title='bbox 929 2535 1086 2607; x_wconf 89' lang='lat' dir='ltr'>nominis</span> <span class='ocrx_word' id='word_1_129' title='bbox 1099 2534 1243 2607; x_wconf 90' lang='lat' dir='ltr'>Christi.</span> 
     </span>
     <span class='ocr_line' id='line_1_20' title="bbox 189 2647 1245 2749; baseline 0.003 -29"><span class='ocrx_word' id='word_1_130' title='bbox 189 2649 409 2747; x_wconf 82' lang='lat' dir='ltr'>Congrcgata</span> <span class='ocrx_word' id='word_1_131' title='bbox 427 2647 679 2737; x_wconf 87' lang='lat' dir='ltr'>multitudine,</span> <span class='ocrx_word' id='word_1_132' title='bbox 700 2649 826 2720; x_wconf 90' lang='lat' dir='ltr'>Petrus</span> <span class='ocrx_word' id='word_1_133' title='bbox 844 2650 943 2749; x_wconf 89' lang='lat' dir='ltr'>loqui</span> <span class='ocrx_word' id='word_1_134' title='bbox 963 2651 1094 2749; x_wconf 88' lang='lat' dir='ltr'>coepit,</span> <span class='ocrx_word' id='word_1_135' title='bbox 1115 2666 1152 2724; x_wconf 90' lang='lat' dir='ltr'>et</span> <span class='ocrx_word' id='word_1_136' title='bbox 1169 2650 1245 2723; x_wconf 89' lang='lat' dir='ltr'>lau-</span> 
     </span>
     <span class='ocr_line' id='line_1_21' title="bbox 185 2763 1246 2862; baseline 0.003 -26"><span class='ocrx_word' id='word_1_137' title='bbox 185 2763 268 2837; x_wconf 91' lang='lat' dir='ltr'>dcm</span> <span class='ocrx_word' id='word_1_138' title='bbox 280 2764 505 2839; x_wconf 89' lang='lat' dir='ltr'>curationisa</span> <span class='ocrx_word' id='word_1_139' title='bbox 523 2790 559 2836; x_wconf 91' lang='lat' dir='ltr'>sc</span> <span class='ocrx_word' id='word_1_140' title='bbox 574 2764 718 2862; x_wconf 90' lang='lat' dir='ltr'>penitus</span> <span class='ocrx_word' id='word_1_141' title='bbox 737 2763 863 2835; x_wconf 92' lang='lat' dir='ltr'>humili</span> <span class='ocrx_word' id='word_1_142' title='bbox 881 2765 1157 2840; x_wconf 79' lang='lat' dir='ltr'>ratiocinatione</span> <span class='ocrx_word' id='word_1_143' title='bbox 1173 2764 1246 2839; x_wconf 75' lang='lat' dir='ltr'>abe</span> 
     </span>
     <span class='ocr_line' id='line_1_22' title="bbox 186 2880 1247 2983; baseline 0.004 -31"><span class='ocrx_word' id='word_1_144' title='bbox 186 2883 257 2981; x_wconf 84' lang='lat' dir='ltr'>git,</span> <span class='ocrx_word' id='word_1_145' title='bbox 278 2881 337 2955; x_wconf 90' lang='lat' dir='ltr'>scd</span> <span class='ocrx_word' id='word_1_146' title='bbox 352 2882 478 2953; x_wconf 81' lang='lat' dir='ltr'>virtuti</span> <span class='ocrx_word' id='word_1_147' title='bbox 492 2882 690 2953; x_wconf 87' lang='lat' dir='ltr'>divinitatis</span> <span class='ocrx_word' id='word_1_148' title='bbox 701 2880 832 2954; x_wconf 85' lang='lat' dir='ltr'>Christi</span> <span class='ocrx_word' id='word_1_149' title='bbox 844 2884 926 2955; x_wconf 88' lang='lat' dir='ltr'>Jesu</span> <span class='ocrx_word' id='word_1_150' title='bbox 942 2884 1093 2957; x_wconf 91' lang='lat' dir='ltr'>omnino</span> <span class='ocrx_word' id='word_1_151' title='bbox 1112 2886 1247 2983; x_wconf 91' lang='lat' dir='ltr'>ascrip-</span> 
     </span>
     <span class='ocr_line' id='line_1_23' title="bbox 188 2996 1247 3098; baseline 0 -27"><span class='ocrx_word' id='word_1_152' title='bbox 188 3000 248 3071; x_wconf 91' lang='lat' dir='ltr'>sit.</span> <span class='ocrx_word' id='word_1_153' title='bbox 267 2997 410 3073; x_wconf 81' lang='lat' dir='ltr'>Judaeos</span> <span class='ocrx_word' id='word_1_154' title='bbox 427 3013 546 3071; x_wconf 91' lang='lat' dir='ltr'>autem</span> <span class='ocrx_word' id='word_1_155' title='bbox 561 3002 635 3096; x_wconf 88' lang='lat' dir='ltr'>ejus</span> <span class='ocrx_word' id='word_1_156' title='bbox 649 3012 891 3097; x_wconf 88' lang='lat' dir='ltr'>persecutores</span> <span class='ocrx_word' id='word_1_157' title='bbox 906 2996 1111 3098; x_wconf 84' lang='lat' dir='ltr'>benigniter</span> <span class='ocrx_word' id='word_1_158' title='bbox 1127 2999 1247 3073; x_wconf 86' lang='lat' dir='ltr'>redar-</span> 
     </span>
     <span class='ocr_line' id='line_1_24' title="bbox 187 3114 1244 3216; baseline 0.002 -31"><span class='ocrx_word' id='word_1_159' title='bbox 187 3116 286 3216; x_wconf 83' lang='lat' dir='ltr'>guit,</span> <span class='ocrx_word' id='word_1_160' title='bbox 306 3115 366 3187; x_wconf 84' lang='lat' dir='ltr'>sed</span> <span class='ocrx_word' id='word_1_161' title='bbox 378 3114 629 3214; x_wconf 89' lang='lat' dir='ltr'>postmodum,</span> <span class='ocrx_word' id='word_1_162' title='bbox 649 3114 732 3214; x_wconf 93' lang='lat' dir='ltr'>quia</span> <span class='ocrx_word' id='word_1_163' title='bbox 747 3141 811 3212; x_wconf 92' lang='lat' dir='ltr'>per</span> <span class='ocrx_word' id='word_1_164' title='bbox 826 3114 1065 3213; x_wconf 81' lang='lat' dir='ltr'>ignorantiam</span> <span class='ocrx_word' id='word_1_165' title='bbox 1076 3115 1244 3203; x_wconf 86' lang='lat' dir='ltr'>fecerint,</span> 
     </span>
     <span class='ocr_line' id='line_1_25' title="bbox 189 3229 1243 3331; baseline 0.003 -27"><span class='ocrx_word' id='word_1_166' title='bbox 189 3233 228 3304; x_wconf 92' lang='lat' dir='ltr'>in</span> <span class='ocrx_word' id='word_1_167' title='bbox 260 3229 470 3331; x_wconf 79' lang='lat' dir='ltr'>infatigabili</span> <span class='ocrx_word' id='word_1_168' title='bbox 500 3231 742 3303; x_wconf 88' lang='lat' dir='ltr'>misericordia</span> <span class='ocrx_word' id='word_1_169' title='bbox 770 3232 928 3330; x_wconf 82' lang='lat' dir='ltr'>Magistri</span> <span class='ocrx_word' id='word_1_170' title='bbox 957 3234 1009 3303; x_wconf 91' lang='lat' dir='ltr'>sui</span> <span class='ocrx_word' id='word_1_171' title='bbox 1039 3233 1243 3318; x_wconf 85' lang='lat' dir='ltr'>conlidens,</span> 
     </span>
     <span class='ocr_line' id='line_1_26' title="bbox 188 3346 1246 3446; baseline 0.002 -26"><span class='ocrx_word' id='word_1_172' title='bbox 188 3348 319 3421; x_wconf 91' lang='lat' dir='ltr'>leniter</span> <span class='ocrx_word' id='word_1_173' title='bbox 331 3348 521 3420; x_wconf 82' lang='lat' dir='ltr'>excusavit.</span> <span class='ocrx_word' id='word_1_174' title='bbox 536 3346 591 3418; x_wconf 83' lang='lat' dir='ltr'>ad</span> <span class='ocrx_word' id='word_1_175' title='bbox 604 3362 844 3446; x_wconf 87' lang='lat' dir='ltr'>postremum,</span> <span class='ocrx_word' id='word_1_176' title='bbox 860 3346 903 3418; x_wconf 93' lang='lat' dir='ltr'>ad</span> <span class='ocrx_word' id='word_1_177' title='bbox 912 3348 1167 3444; x_wconf 78' lang='lat' dir='ltr'>poctaitentiam</span> <span class='ocrx_word' id='word_1_178' title='bbox 1177 3375 1246 3422; x_wconf 86' lang='lat' dir='ltr'>scc-</span> 
     </span>
     <span class='ocr_line' id='line_1_27' title="bbox 187 3464 1244 3565; baseline 0.004 -30"><span class='ocrx_word' id='word_1_179' title='bbox 187 3464 304 3538; x_wconf 91' lang='lat' dir='ltr'>lerum</span> <span class='ocrx_word' id='word_1_180' title='bbox 319 3466 411 3563; x_wconf 92' lang='lat' dir='ltr'>ipsos</span> <span class='ocrx_word' id='word_1_181' title='bbox 427 3464 610 3551; x_wconf 83' lang='lat' dir='ltr'>invitavit,</span> <span class='ocrx_word' id='word_1_182' title='bbox 621 3481 658 3536; x_wconf 89' lang='lat' dir='ltr'>ct</span> <span class='ocrx_word' id='word_1_183' title='bbox 672 3464 891 3536; x_wconf 82' lang='lat' dir='ltr'>Salvatorcrn</span> <span class='ocrx_word' id='word_1_184' title='bbox 903 3490 942 3535; x_wconf 89' lang='lat' dir='ltr'>ac</span> <span class='ocrx_word' id='word_1_185' title='bbox 955 3491 1080 3537; x_wconf 86' lang='lat' dir='ltr'>verum</span> <span class='ocrx_word' id='word_1_186' title='bbox 1093 3465 1244 3565; x_wconf 81' lang='lat' dir='ltr'>prophe·</span> 
     </span>
     <span class='ocr_line' id='line_1_28' title="bbox 134 3581 1245 3681; baseline 0.004 -30"><span class='ocrx_word' id='word_1_187' title='bbox 134 3581 138 3588; x_wconf 80' lang='grc'><strong>’</strong></span> <span class='ocrx_word' id='word_1_188' title='bbox 190 3594 275 3665; x_wconf 89' lang='lat' dir='ltr'>tam,</span> <span class='ocrx_word' id='word_1_189' title='bbox 292 3598 332 3652; x_wconf 88' lang='lat' dir='ltr'>ut</span> <span class='ocrx_word' id='word_1_190' title='bbox 342 3581 482 3681; x_wconf 82' lang='lat' dir='ltr'>Moyses</span> <span class='ocrx_word' id='word_1_191' title='bbox 491 3598 528 3652; x_wconf 89' lang='lat' dir='ltr'>et</span> <span class='ocrx_word' id='word_1_192' title='bbox 537 3581 746 3666; x_wconf 88' lang='lat' dir='ltr'>Samuel‚ct</span> <span class='ocrx_word' id='word_1_193' title='bbox 755 3607 879 3652; x_wconf 90' lang='lat' dir='ltr'>omncs</span> <span class='ocrx_word' id='word_1_194' title='bbox 890 3581 1245 3680; x_wconf 87' lang='lat' dir='ltr'>prophetaedeinceps</span> 
     </span>
     <span class='ocr_line' id='line_1_29' title="bbox 189 3692 1174 3796; baseline 0.002 -30"><span class='ocrx_word' id='word_1_195' title='bbox 189 3692 452 3792; x_wconf 81' lang='lat' dir='ltr'>praetlixcrunt,</span> <span class='ocrx_word' id='word_1_196' title='bbox 467 3699 543 3793; x_wconf 87' lang='lat' dir='ltr'>jam</span> <span class='ocrx_word' id='word_1_197' title='bbox 559 3697 694 3769; x_wconf 78' lang='lat' dir='ltr'>vertisse</span> <span class='ocrx_word' id='word_1_198' title='bbox 711 3694 851 3796; x_wconf 92' lang='lat' dir='ltr'>liquido</span> <span class='ocrx_word' id='word_1_199' title='bbox 871 3696 1084 3768; x_wconf 75' lang='lat' dir='ltr'>monstravit</span> <span class='ocrx_word' id='word_1_200' title='bbox 1104 3701 1118 3794; x_wconf 86' lang='lat'>(</span> <span class='ocrx_word' id='word_1_201' title='bbox 1144 3699 1174 3792; x_wconf 87' lang='lat'>).</span> 
     </span>
     <span class='ocr_line' id='line_1_30' title="bbox 239 3809 1248 3911; baseline 0.001 -26"><span class='ocrx_word' id='word_1_202' title='bbox 239 3809 486 3911; x_wconf 77' lang='lat' dir='ltr'>loquentibus</span> <span class='ocrx_word' id='word_1_203' title='bbox 514 3810 584 3885; x_wconf 91' lang='lat' dir='ltr'>illis</span> <span class='ocrx_word' id='word_1_204' title='bbox 607 3812 650 3884; x_wconf 91' lang='lat' dir='ltr'>ad</span> <span class='ocrx_word' id='word_1_205' title='bbox 674 3813 870 3911; x_wconf 89' lang='lat' dir='ltr'>populum,</span> <span class='ocrx_word' id='word_1_206' title='bbox 894 3812 1089 3885; x_wconf 82' lang='lat' dir='ltr'>sacerdotes</span> <span class='ocrx_word' id='word_1_207' title='bbox 1114 3825 1151 3885; x_wconf 88' lang='lat' dir='ltr'>et</span> <span class='ocrx_word' id='word_1_208' title='bbox 1170 3840 1248 3886; x_wconf 92' lang='lat' dir='ltr'>ma-</span> 
     </span>
    </p>
   </div>
   <div class='ocr_carea' id='block_1_3' title="bbox 193 3924 1248 4027">
    <p class='ocr_par' dir='ltr' id='par_1_3' title="bbox 193 3924 1248 4027">
     <span class='ocr_line' id='line_1_31' title="bbox 193 3924 1248 4027; baseline 0.006 -33"><span class='ocrx_word' id='word_1_209' title='bbox 193 3924 358 3997; x_wconf 78' lang='lat' dir='ltr'>nistratus</span> <span class='ocrx_word' id='word_1_210' title='bbox 375 3927 500 4027; x_wconf 84' lang='lat' dir='ltr'>templi</span> <span class='ocrx_word' id='word_1_211' title='bbox 522 3944 558 4001; x_wconf 91' lang='lat' dir='ltr'>et</span> <span class='ocrx_word' id='word_1_212' title='bbox 575 3926 748 4000; x_wconf 70' lang='lat' dir='ltr'>sadducaei</span> <span class='ocrx_word' id='word_1_213' title='bbox 769 3944 1073 4026; x_wconf 76' lang='lat' dir='ltr'>supervenerunt,</span> <span class='ocrx_word' id='word_1_214' title='bbox 1091 3946 1128 4001; x_wconf 88' lang='lat' dir='ltr'>ct</span> <span class='ocrx_word' id='word_1_215' title='bbox 1149 3955 1248 4009; x_wconf 65' lang='lat' dir='ltr'>com&lt;</span> 
     </span>
    </p>
   </div>
   <div class='ocr_carea' id='block_1_4' title="bbox 284 4176 1153 4249">
    <p class='ocr_par' dir='ltr' id='par_1_4' title="bbox 284 4176 1153 4249">
     <span class='ocr_line' id='line_1_32' title="bbox 284 4176 1153 4249; baseline -0.002 -14"><span class='ocrx_word' id='word_1_216' title='bbox 284 4176 348 4235; x_wconf 73' lang='lat' dir='ltr'>Aea.</span> <span class='ocrx_word' id='word_1_217' title='bbox 362 4184 454 4249; x_wconf 72' lang='lat' dir='ltr'>epact.</span> <span class='ocrx_word' id='word_1_218' title='bbox 467 4194 501 4243; x_wconf 83' lang='lat' dir='ltr'>n,</span> <span class='ocrx_word' id='word_1_219' title='bbox 515 4180 609 4246; x_wconf 54' lang='lat' dir='ltr'>“r-nr,</span> <span class='ocrx_word' id='word_1_220' title='bbox 624 4178 667 4233; x_wconf 64' lang='lat' dir='ltr'>aa.</span> <span class='ocrx_word' id='word_1_221' title='bbox 681 4181 789 4248; x_wconf 72' lang='lat' dir='ltr'>(hunde</span> <span class='ocrx_word' id='word_1_222' title='bbox 798 4176 833 4233; x_wconf 80' lang='lat'>35</span> <span class='ocrx_word' id='word_1_223' title='bbox 844 4177 880 4233; x_wconf 86' lang='lat' dir='ltr'>de</span> <span class='ocrx_word' id='word_1_224' title='bbox 891 4179 956 4234; x_wconf 75' lang='lat' dir='ltr'>l&#39;lrc</span> <span class='ocrx_word' id='word_1_225' title='bbox 968 4180 1153 4249; x_wconf 83' lang='lat' dir='ltr'>chrc&#39;tiennc.)</span> 
     </span>
    </p>
   </div>
   <div class='ocr_carea' id='block_1_5' title="bbox 0 0 1459 4958">
    <p class='ocr_par' dir='ltr' id='par_1_5' title="bbox 0 0 1459 4958">
     <span class='ocr_line' id='line_1_33' title="bbox 0 0 1459 4958; baseline 0 0"><span class='ocrx_word' id='word_1_226' title='bbox 0 0 1459 4958; x_wconf 95' lang='lat' dir='ltr'> </span> 
     </span>
    </p>
   </div>
  </div>
 </body>
</html>
