2916 4958
256 433 297 495 36
527 429 710 492 HISTORIA
728 428 1033 493 ECCLESIASTICA.

255 564 313 622 tus
337 547 408 648 (1).
427 546 519 620 Cum
534 547 713 622 audissent
734 574 914 622 sermones
931 552 1025 649 ejus,
1051 549 1196 650 quidam
1213 551 1314 626 dice·
1434 617 1435 621 ,

252 661 367 736 bant:
387 664 464 736 Hic
483 679 536 736 est
553 689 637 737 uere
650 663 845 765 propheta.
863 662 935 735 Alii
953 662 1119 738 dicebant
1139 696 1149 737 ε
1168 668 1245 740 Hie
1260 684 1314 742 ert

252 778 430 854 cunam.
451 777 604 872 Quidam
619 793 740 852 autem
757 776 924 852 dicebant
944 779 1167 880 :Numquid
1185 808 1210 854 a
1236 782 1312 854 Ga-

247 896 348 971 tiloea
368 895 531 969 Christus
543 893 691 995 'surgitP
701 895 834 970 Nonne
848 895 1040 996 Scriptura
1056 898 1148 971 dicit
1163 901 1311 999 quiaea'

243 996 377 1088 semine
394 1015 534 1104 David,
556 1030 592 1086 et
610 1012 657 1085 de
672 1012 858 1086 Bethleem
875 1013 1040 1105 castello,
1061 1015 1125 1087 ubi
1139 1033 1218 1089 erat
1232 1019 1312 1090 Da·

243 1130 321 1222 oid,
340 1133 440 1204 venit
456 1127 649 1202 Christus?
663 1129 843 1202 Dissensio
858 1130 979 1230 itaque
991 1131 1029 1203 in
1042 1132 1147 1207 turba
1158 1149 1310 1234 propter

241 1272 325 1321 enm
340 1246 433 1319 facta
455 1258 521 1318 est.
540 1244 699 1317 Ministri
717 1268 822 1331 vero,
841 1246 903 1345 qui
922 1246 1018 1318 missi
1038 1274 1057 1319 a
1074 1248 1309 1347 pontificibus

240 1375 277 1436 et
304 1358 510 1459 pharisaeis,
536 1373 578 1431 nt
602 1360 723 1433 Jesum
745 1356 1112 1459 comprehenderent,
1138 1362 1307 1455 fuerant,

241 1472 624 1551 auditis'aermonibus
653 1478 754 1574 ejus,
785 1474 890 1550 obliti
917 1490 1003 1548 sunt
1032 1494 1183 1579 propter
1210 1481 1309 1582 quod

242 1608 428 1669 venerant.
448 1592 647 1665 Redierunt
665 1619 751 1693 ergo
775 1593 953 1665 immunes
977 1595 1183 1685 acrimine,
1210 1597 1307 1696 pleni

140 1752 146 1771 .-
242 1710 492 1784 admiratione.
513 1707 902 1808 Atrocibusmagistris
923 1708 1198 1788 discutientibus
1217 1741 1309 1813 pro-

245 1842 344 1901 terve
366 1852 432 1898 cur
448 1850 575 1901 eorum
599 1824 746 1899 clientes
763 1825 928 1897 vinctum
951 1825 1018 1898 sibi
1041 1854 1118 1903 non
1140 1829 1309 1904 adduxis-

244 1955 326 2017 sent
340 1943 528 2018 doctorem
549 1945 657 2033 vitae',
676 1941 729 2013 illi
752 1940 897 2014 coelitus
918 1941 1085 2017 illustrati
1108 1971 1214 2019 verax
1234 1963 1309 2021 tes-

245 2060 442 2135 timonium
466 2060 731 2160 perhibuerunt
755 2057 888 2130 Christi
912 2057 1103 2136 doctrinae.
1129 2063 1309 2139 Dixerunt

245 2175 344 2249 enim
372 2206 381 2247 ε
409 2174 611 2273 Nunquam
636 2175 692 2246 sic
720 2173 860 2245 locmm
888 2190 941 2247 est
968 2175 1074 2250 homo
1085 2235 1099 2268 ,
1128 2181 1222 2251 sicut
1247 2178 1308 2253 hic

246 2291 405 2392 loquitur
424 2290 544 2364 leonto.
570 2289 661 2382 Quia
679 2289 854 2362 nimirum
879 2288 960 2379 ille,
984 2293 1047 2392 qui
1070 2292 1305 2393 loquebatur,

244 2410 339 2481 Deus
356 2412 432 2480 erat
448 2420 485 2479 et
501 2403 625 2480 homo.
651 2402 822 2502 Superbis
837 2406 1064 2505 principibus
1082 2409 1222 2483 veritati
1246 2436 1307 2484 ne-

245 2525 368 2625 quiter
396 2520 676 2623 derogantibus,
705 2520 947 2597 Nichodemus
979 2528 1192 2600 auctoritate
1219 2527 1306 2628 legis

245 2641 466 2741 compescuit
481 2665 607 2714 eorum
624 2638 780 2713 nefarios
797 2667 913 2713 ausus.
932 2641 1096 2743 Denique
1111 2644 1214 2717 nullo
1227 2669 1307 2743 per·

243 2753 342 2831 fecto
365 2756 538 2857 negotio,
561 2755 662 2828 vacui
687 2753 758 2830 fide
780 2771 818 2829 et
834 2755 934 2830 omni
949 2755 1105 2830 fraudati
1129 2759 1303 2845 utilitate,

246 2898 329 2948 suos
345 2873 435 2948 lares
447 2871 700 2972 repetierunt(
725 2871 756 2970 ).

292 2991 392 3064 Jesus
413 2989 496 3063 inde
513 2989 552 3061 in
570 3001 734 3062 montem
750 2988 880 3064 Oliveti
898 2993 1079 3090 perrexit,
1101 2994 1304 3094 iterumque

245 3105 406 3180 diluculo
429 3105 468 3178 in
496 3104 672 3204 templum
692 3107 806 3180 venit.
836 3105 890 3179 lbi
913 3108 1072 3184 Domino
1101 3112 1245 3186 sedente
1268 3127 1305 3185 et

243 3224 416 3311 docente,
435 3222 554 3295 omnis
569 3223 724 3323 populns
739 3221 784 3295 ad
806 3248 890 3297 eum
914 3226 1033 3317 venit,
1059 3241 1096 3302 et
1115 3226 1304 3301 adductam

243 3342 432 3417 mulierem
450 3341 488 3414 in
509 3339 688 3414 adulterio
704 3339 962 3439 deprehensam
972 3343 1112 3441 justitia
1132 3346 1304 3418 condem·
1400 3383 1404 3392 ·

244 3461 365 3549 navit,
385 3454 647 3532 sed'dulcedine
667 3457 809 3556 pietatis
830 3483 903 3531 suae
920 3456 1085 3533 absolvit.
1105 3458 1303 3534 Pharisaica

241 3576 340 3649 fraus
362 3571 597 3673 muscipulam
623 3571 768 3647 Christo
792 3591 1007 3673 praestruere
1030 3578 1190 3676 putavit,
1214 3577 1302 3650 dum

242 3694 452 3794 opinionem
481 3694 555 3790 ejus
578 3715 660 3790 erga
689 3689 833 3790 plebem
861 3691 1035 3766 offuscare
1058 3694 1235 3781 tentavit,
1266 3710 1304 3768 et

243 3813 360 3911 ipsum
375 3824 437 3882 aut
457 3805 638 3880 crudelem
653 3822 715 3878 aut
738 3807 910 3906 injustum
925 3806 1164 3907 probabiliter
1185 3824 1302 3883 osten-

242 3947 317 4006 tare
333 3929 471 4030 sategit.
493 3928 586 4000 Nam
601 3928 630 3999 si
648 3952 746 4001 ream
757 3929 859 4026 juxta
875 3927 1060 4002 decretum
1074 3929 1191 4030 Moysi
1208 3954 1301 4003 con-

274 4198 312 4268 (ι)
323 4195 421 4251 toann.
435 4207 490 4258 vu,
505 4185 599 4262 57·39.
614 4217 647 4231 -
659 4189 700 4260 (a)
710 4189 808 4245 Joann.
822 4205 874 4258 vu,
889 4187 980 4256 40-53.
