2916 4958
573 425 690 488 LIBER
712 425 870 488 PRIMUS.
1199 428 1259 492 125

190 546 401 637 montibus,
420 547 597 648 speluncis
610 573 650 620 ac
667 546 813 620 saltibus
832 546 978 621 strenue
989 547 1257 649 repugnabant,

191 690 235 738 ae
245 679 377 765 strages
386 662 554 738 hostibus
567 660 708 737 dabant.
724 665 970 738 Revertantur
984 662 1080 736 Scoti
1094 662 1258 756 domum,

191 794 277 878 post
292 804 380 852 non·
393 779 551 852 multum
573 795 713 878 tempus
734 778 926 853 reversuri.
948 778 1040 851 Picti
1064 794 1260 855 extremam

194 896 322 969 insulae
343 911 483 995 partem
500 911 578 969 tum
596 899 755 996 primum
779 911 817 970 et
836 895 1003 995 deinceps
1025 895 1261 971 inhabitaturi

193 1010 371 1087 detinent.
388 1013 536 1086 Famem
552 1013 738 1112 praesatam
754 1039 881 1113 magna
894 1012 1042 1114 frugum
1054 1014 1258 1113 opulentia,

189 1128 418 1228 opulentiam
438 1128 578 1202 luxuria
595 1147 631 1203 et
653 1130 890 1231 negligentia,
909 1130 1163 1230 negligentiam
1186 1131 1262 1204 lues

194 1245 366 1318 acerrima
375 1299 386 1334 ,
416 1260 452 1320 et
478 1246 597 1318 acrior
624 1272 709 1320 mox
735 1247 895 1320 hostium
920 1270 1122 1335 novorum,
1150 1246 1263 1320 idest

195 1358 412 1460 Anglornm,
429 1361 532 1462 plaga
544 1378 663 1436 secuta
671 1376 736 1436 est.
752 1362 851 1456 Quos
866 1361 918 1434 illi
932 1362 1095 1434 unanimi
1110 1362 1262 1437 consilio

190 1503 281 1550 -oum
295 1504 459 1580 regessuo
475 1480 716 1579 Wortigerno
735 1481 834 1580 quasi
855 1478 1060 1554 defensores
1074 1481 1201 1579 patn'ae
1218 1480 1263 1553 ad

196 1619 233 1668 se
249 1594 456 1669 invitandos
471 1595 679 1696 elegerunt3
703 1595 763 1669 sed
781 1610 947 1695 exceptos
969 1621 1055 1669 mox
1071 1595 1263 1696 impugna-

194 1726 294 1785 tores
309 1726 418 1810 atque
436 1727 698 1814 expugnatores
705 1729 916 1786 senserunt.

245 1826 367 1899 Sixtus
379 1829 506 1902 Romae
515 1826 700 1928 episcopus
710 1826 989 1901 fecitbasilicam
998 1842 1130 1900 sanctae
1140 1829 1263 1900 Mariae

197 1943 321 2017 matris
331 1944 497 2032 Domini,
511 1969 593 2044 quae
604 1942 819 2044 abantiquis
832 1941 1263 2043 Liberiicognominaha-

199 2075 272 2133 tur.
294 2058 459 2132 Eudoxia
481 2085 574 2134 uxor
602 2059 794 2135 Theodosii
812 2061 987 2160 principis
1009 2057 1054 2131 ab
1076 2060 1263 2160 lerosoly-

197 2179 266 2251 mis
287 2178 478 2265 remeavit,
498 2193 534 2251 et
550 2176 743 2250 beatissimi
768 2175 939 2277 Stephani
960 2176 1071 2277 primi
1094 2176 1264 2277 martyris

198 2291 384 2394 reliquias,
396 2319 487 2394 quae
505 2291 832 2365 inbasilicaaanoti
850 2292 1033 2366 hunentii
1052 2292 1178 2391 positae
1199 2318 1265 2365 ve-

198 2423 402 2498 serantur,
435 2435 556 2483 secum
587 2407 729 2482 detulit.
762 2407 870 2482 Bleda
887 2422 939 2481 ,οι
967 2407 1078 2479 Attila
1107 2408 1261 2499 fratres,

198 2525 395 2599 multarum
406 2527 569 2626 gentium
584 2551 707 2625 reges,
727 2526 914 2627 Illyricum
928 2523 1190 2626 Thraciamque
1206 2526 1266 2599 de·

199 2639 361 2740 populati
377 2643 491 2739 sunt(
514 2642 544 2739 )

211 2804 216 2809 -
247 2759 449 2832 Marcianus
474 2773 511 2832 et
521 2758 800 2833 Valentinianus
808 2811 819 2846 ,
841 2758 945 2833 annis
972 2781 1038 2830 vu.
1065 2759 1161 2833 Gens
1184 2759 1266 2834 An-

200 2875 343 2976 glorum
352 2926 364 2961 ,
389 2876 462 2948 sive
479 2876 682 2964 Saxonum,
700 2875 924 2946 Britanniam
937 2872 1052 2945 tribus
1069 2873 1187 2974 longis
1204 2903 1266 2948 na·

202 3122 263 3178 tion
271 3121 306 3179 (le
317 3121 456 3178 Palladius
468 3122 535 3178 chen
547 3122 586 3178 les
598 3123 686 3178 Scots.
696 3121 859 3195 Cependant
869 3120 909 3176 les
920 3120 1067 3176 annalistae
1076 3123 1197 3176 romains
1206 3121 1266 3195 pla-

202 3223 265 3268 oeut
276 3224 349 3269 oette
359 3215 473 3269 mission
486 3231 522 3268 en
535 3213 595 3279 aaa.
612 3214 649 3268 ta
662 3211 798 3267 demando
810 3211 845 3267 de
861 3213 999 3267 seooursa
1013 3211 1111 3266 Aetius
1121 3209 1182 3265 doit
1192 3213 1268 3266 avoir

202 3317 238 3356 eu
248 3301 307 3357 lieu
319 3320 354 3357 en
365 3301 432 3370 446,
446 3305 554 3376 e'poque
563 3303 600 3356 oh
611 3301 630 3356 il
640 3302 727 3356 luten
739 3300 803 3356 ellat
815 3298 911 3356 oousul
920 3317 993 3374 pour
1005 3299 1031 3354 la
1044 3300 1184 3355 troisieme
1197 3300 1265 3367 lois,

203 3390 298 3463 etqui
318 3389 485 3464 oorrespond
503 3407 568 3444 avec
588 3389 695 3445 l’annee
713 3389 948 3463 vingt-moialem
967 3386 1003 3441 de
1022 3386 1169 3442 Theodoto
1186 3388 1232 3458 11,
1251 3393 1267 3444 a

203 3479 291 3552 pattir
301 3478 374 3536 dela
387 3491 462 3536 mort
473 3481 653 3537 d'llonorius.
665 3468 704 3537 Ge
714 3481 758 3535 lut
769 3480 876 3535 l’annee
886 3479 1010 3534 suivaute
1022 3496 1076 3553 que
1086 3477 1113 3533 le
1126 3478 1169 3533 roi
1178 3479 1265 3536 Wor-

203 3568 310 3644 tigano
324 3571 420 3644 appela
436 3575 452 3627 a
468 3589 518 3627 aon
530 3571 606 3640 aide,
621 3575 637 3626 a
655 3571 751 3626 delaut
766 3570 815 3625 dea
827 3569 973 3636 Romaim,
987 3568 1028 3623 lea
1040 3567 1264 3642 Auglonbaxons,

203 3659 250 3734 qui
262 3660 373 3715 timent
384 3678 420 3715 en
437 3665 504 3735 449,
517 3673 547 3718 et
559 3663 722 3717 tournerent
730 3660 838 3716 bientbt
853 3660 927 3715 leurs
940 3676 1029 3714 armes
1041 3669 1138 3715 oontoe
1149 3659 1188 3716 lea
1199 3661 1266 3716 Bre-

202 3755 265 3802 tous
277 3749 457 3804 eux-memes.

234 3837 275 3908 (a)
291 3836 370 3893 Saint
386 3837 462 3894 Sixte
478 3839 537 3907 ΙΙΙ,
557 3857 601 3913 ou*
612 3856 683 3912 pour
699 3838 791 3912 parler
807 3836 870 3911 plus
885 3846 1069 3904 anement,
1090 3838 1162 3892 saint
1180 3835 1269 3909 Xyste

203 3923 248 3997 (31
259 3926 354 3999 juillet
366 3926 469 3995 lSa-t8
477 3929 544 3985 aoht
553 3932 632 4001 ll⁰ls
645 3927 746 3984 deeora
757 3928 792 3984 ‹le
804 3932 958 4001 moaa‘a'ques
966 3928 1016 4002 qui
1025 3928 1144 3983 existent
1155 3944 1265 3988 encore.

202 4023 231 4070 et
242 4015 454 4089 probablemeut
466 4020 658 4075 reconstruialt
672 4019 776 4093 l’eglioe
791 4019 827 4074 de
843 4018 1191 4090 SaluteMaaie-Majeure‚
1204 4017 1268 4072 lon-

203 4100 253 4159 des
264 4123 316 4178 par
328 4105 468 4176 Liberius,
482 4107 541 4162 l'un
557 4107 646 4164 deses
664 4108 881 4182 prede'oesseurs.
896 4107 920 4162 ll
934 4108 1013 4184 s’agit
1028 4108 1063 4164 ici
1080 4106 1115 4163 de
1128 4107 1267 4180 l’impera·

205 4193 272 4250 trice
283 4195 422 4267 Eudocie,
442 4208 470 4254 et
486 4216 542 4254 non
559 4216 607 4272 pas
622 4197 657 4254 de
674 4197 771 4255 salillo
784 4198 916 4256 Eudoxie.
934 4199 972 4254 1ae
987 4198 1109 4273 ptemlea
1120 4214 1222 4271 voyage
1233 4194 1270 4252 tle
