2894 4958
494 448 496 452 ⁷
520 413 637 476 LIBER
657 412 867 476 SECUNDUS.
1168 417 1225 477 221

166 534 253 613 deus
265 537 462 610 Dominum
475 532 702 634 glorificavit.
716 534 826 631 Quod
837 532 960 605 videus
974 531 1149 631 populus,
1164 534 1228 606 ad-

166 653 299 728 mirans
323 651 506 751 lycaonice
529 648 651 722 dixit:
677 648 745 720 Dii
770 647 903 721 similes
919 648 1023 742 facti
1045 647 1227 720 dominum

167 767 428 842 descenderunt
441 767 496 838 ad
514 792 598 852 nos;
617 779 654 838 et
670 764 846 839 vocabant
861 762 1060 837 Barnabam
1077 765 1203 839 Jovem
1212 818 1225 852 ,

168 884 317 965 Paulum
333 909 419 956 vero
436 881 671 958 Mercurium.
685 877 874 978 Sacerdote
890 903 1035 979 quoque
1055 881 1171 969 Jovis,
1191 899 1227 955 et

166 1001 304 1102 populo
316 1000 386 1074 illis
398 999 594 1073 sacrificare
604 996 829 1088 volentibus,
843 997 993 1097 apostoli
1008 1001 1172 1098 protinus
1186 1000 1226 1071 in

166 1117 290 1193 turbas
318 1117 530 1205 exilierunt,
557 1115 766 1214 tunicasque
789 1140 866 1186 suas
894 1113 1165 1205 consciderunt,
1189 1130 1228 1189 et

167 1232 369 1311 humilibus,
380 1231 498 1308 verbis
514 1230 676 1305 miraculi
695 1229 848 1331 gloriam
859 1229 903 1303 ad
918 1231 1114 1303 Dominum
1131 1245 1228 1305 retu-

167 1349 292 1429 lerunt
298 1379 310 1440 ;
328 1376 472 1450 seseque
492 1346 742 1440 humiliantes,
757 1374 804 1419 ne
820 1344 964 1420 sibimet
981 1346 1229 1436 immolarent,

167 1466 230 1538 vix
246 1463 368 1539 turbas
381 1464 606 1541 sedaverunt.
627 1461 969 1563 supervenientibus
981 1461 1026 1536 ab
1039 1464 1230 1538 Antiochia

168 1599 206 1657 et
227 1583 353 1657 leonio
374 1581 526 1670 Judaeis,
551 1579 667 1653 turbae
689 1605 863 1679 persuasae
883 1579 1032 1653 Paulum
1049 1579 1230 1679 lapidave-

167 1714 276 1786 runt,
303 1714 340 1772 et
361 1712 461 1772 extra
484 1697 682 1783 civitatem,
702 1694 918 1767 aestimantes
942 1720 1027 1767 eum
1044 1710 1230 1770 mortuum

169 1840 264 1904 esse,
284 1828 485 1888 traxerunt.
511 1811 824 1884 circumdantibus
838 1838 921 1885 eum
938 1810 1138 1910 discipulis,
1154 1839 1231 1886 sur·

168 1956 257 2030 gens
275 1929 425 2003 intravit
438 1929 475 2003 in
489 1929 690 2016 civitatem,
709 1943 745 2000 et
757 1942 898 2027 postera
910 1927 967 2001 die
981 1926 1165 2026 profectus
1178 1944 1232 2003 est

170 2048 209 2128 iu
225 2045 384 2122 Derben.
404 2047 540 2121 Deinde
555 2044 664 2120 ambo
680 2045 810 2118 reversi
828 2061 913 2118 suut
925 2051 1091 2144 Lystram
1107 2061 1145 2121 et
1158 2050 1233 2120 lco-

170 2163 294 2251 nium,
311 2159 543 2238 Antiochiam
559 2177 596 2236 et
609 2162 797 2250 Pisidiam,
819 2177 855 2234 et
871 2160 1023 2257 verbum
1035 2162 1120 2236 vitae
1135 2146 1233 2263 pras-

170 2277 400 2366 dicauerunt,
418 2280 624 2378 animasque
637 2278 897 2378 discipulorum
909 2279 1133 2354 exhortando
1150 2306 1235 2372 con-

172 2395 431 2485 hcmaverunt,
465 2412 503 2471 et
531 2424 596 2496 per
627 2397 781 2497 singulas
815 2396 975 2470 ecclesias
1007 2397 1235 2499 presbyteros

173 2514 461 2603 constituerunt,
480 2537 611 2613 eosque
624 2514 784 2588 Domino
802 2539 885 2629 cugn
895 2515 1042 2612 jejuniis
1054 2530 1092 2588 et
1103 2515 1236 2589 oratio·

173 2629 280 2709 nibus
306 2630 661 2704 commendaverunt.
688 2632 744 2703 De
769 2628 978 2730 Pamphylia
1004 2630 1043 2703 in
1068 2631 1237 2705 Attalium

172 2745 452 2835 descenderunt,
472 2762 508 2820 et
525 2746 609 2821 inde
625 2745 856 2820 Antiochiam
872 2747 1153 2846 navigaverunt(
1179 2748 1209 2847 ).

194 2860 358 2947 ¹„lbidiu
373 2888 458 2935 cum
475 2862 657 2960 discipulis
673 2864 804 2937 morati
828 2878 926 2934 suut.
945 2863 1051 2934 Tunc
1066 2862 1213 2962 quidam
1222 2917 1234 2951 ,

173 2978 299 3080 quide
317 2978 438 3052 Judaea
458 2978 733 3066 descenderant,
753 2976 981 3052 credentibus
1006 2978 1238 3077 exgentibus
1280 3026 1285 3034 ·

174 3094 382 3169 circumcidi
401 3110 441 3170 et„
450 3091 639 3167 obseruare
653 3094 766 3193 legem
779 3093 897 3193 Moysi
915 3091 1121 3168 suadebant.
1141 3097 1237 3168 Pau-

175 3213 231 3290 lus
245 3229 283 3287 et
300 3210 479 3286 Barnabas
500 3212 568 3284 illis
589 3209 867 3285 contradicendo
883 3211 1115 3300 restiterunt,
1134 3238 1238 3285 com-

176 3329 352 3426 munique
368 3327 512 3401 decreto
527 3352 596 3426 pro
615 3326 679 3399 hac
699 3327 898 3426 quaestione
914 3324 1182 3400 determinanda
1200 3329 1239 3400 in

175 3442 371 3517 Jerusalem
381 3441 426 3514 ad
439 3442 618 3541 apostolos
629 3457 664 3515 et
677 3440 907 3542 presbyteros
919 3442 1015 3514 missi
1026 3443 1241 3536 suntPhoe·

176 3559 294 3633 uicem
307 3573 345 3633 et
354 3559 549 3631 Samariam
559 3561 1146 3658 pertranseuntes,couversiouem
1158 3586 1241 3660 geu·

179 3674 271 3754 tium
297 3672 512 3762 narrabant,
525 3690 575 3752 et
601 3674 785 3775 maguum,
799 3673 937 3746 cunctis
955 3673 1134 3748 vfratribus
1155 3702 1241 3776 gau-

180 3790 279 3866 dium
292 3789 731 3891 faciebantdcrosolymis
743 3807 864 3864 autem
873 3790 918 3863 ab
931 3791 1076 3871 ecclesia
1088 3798 1241 3893 suscepti

215 4166 252 4234 (ι)
272 4164 439 4235 Act-anst·
524 4161 598 4240 7-25-
613 4161 729 4233 ‹ss-us
