2894 4958
184 440 246 498 210
459 427 643 490 HISTORIA
665 421 969 485 Ecctmlasrlclt.

185 555 335 656 gratiam
352 550 416 623 Dei
433 548 600 635 vidisset,
619 545 757 646 gavisus
779 558 856 630 est,
880 556 917 615 ct
933 540 1150 613 confortatis
1169 566 1246 614 out·

185 670 315 760 nibus,
335 670 509 752 Tarsum,
533 678 575 735 ut
597 674 778 763 quaereret
797 658 965 749 Saulum,
1006 656 1167 731 rofectus
1182 672 1245 731 eat.

185 784 274 859 Inde
302 781 409 856 simul
436 777 544 851 ambo
569 774 800 851 Antiochiam
826 788 1027 861 venerunt,
1051 787 1089 846 et
1113 798 1249 845 aunum

188 917 309 974 totum
320 900 359 971 in
372 895 529 969 Ecclesia
540 892 741 967 conversati
755 904 857 976 aunt,
871 887 1087 990 turbamque
1098 887 1250 962 multam

32 1108 35 1113 Ι
186 1018 408 1103 docuerunt,
424 1012 547 1112 ibique
559 1008 724 1109 discipuli
738 1008 901 1108 primum
915 1005 1109 1080 Christiani
1123 1030 1250 1106 cogno

187 1134 315 1207 minati
332 1129 447 1226 sunt(
472 1128 504 1225 ).
916 1176 925 1185 -

236 1252 343 1323 Tunc
360 1242 504 1346 Agabus
521 1256 637 1328 vates,
661 1265 757 1312 unus
777 1264 821 1313 ex
845 1238 900 1312 his
921 1240 985 1340 qni
1001 1239 1048 1313 de
1067 1238 1254 1340 lerosoly-

184 1365 254 1437 mis
283 1374 476 1448 venerant,
502 1354 709 1457 prophetis,
739 1380 906 1454 maguam
932 1352 1066 1428 famem
1091 1355 1253 1428 suturam

188 1478 320 1552 divinis
338 1474 558 1575 praesagabat
575 1470 741 1546 oraculis.
766 1470 891 1543 Saulus
907 1496 996 1545 vero
1014 1486 1054 1545 et
1074 1468 1256 1545 Barnabas

189 1620 274 1667 cum
291 1591 496 1667 ministerio
512 1617 532 1662 a
555 1585 729 1684 fratribus
744 1586 899 1676 collato,
922 1587 1021 1688 quod
1036 1588 1256 1662 &nomm

190 1708 314 1783 usibus
322 1709 540 1797 deserviret,
558 1705 793 1806 ierosolymis
803 1705 1105 1804 destinantur(2).
1117 1708 1257 1781 Interea

187 1827 354 1901 Tiberius
383 1828 566 1926 Augustus
593 1824 734 1898 duobus
763 1837 803 1897 et
827 1825 955 1923 viginti
981 1824 1128 1898 circiter
1155 1824 1259 1898 anuis

189 1944 364 2045 regnavit.
385 1942 495 2042 Cujus
512 1940 654 2039 imperii
672 1946 781 2013 xvrn⁰
800 1963 918 2026 anno,
937 1957 980 2013 ut
995 1940 1111 2014 fidelis
1128 1940 1257 2016 notitia

190 2060 365 2134 veraciter
384 2057 528 2147 asserit,
541 2055 719 2129 Dominus
736 2069 860 2128 noster
880 2057 982 2131 lesus
995 2055 1162 2130 Christus
1179 2082 1260 2157 pes·

193 2201 253 2247 sus
278 2188 333 2247 est
367 2187 404 2247 et
442 2172 638 2247 resurrexit
667 2186 705 2245 et
738 2171 851 2243 multa
878 2172 1056 2246 mirabilia
1085 2172 1258 2247 ineffabili

192 2286 424 2377 madefecit,
442 2289 608 2387 quaejam
619 2287 728 2387 longe
744 2288 885 2387 lateque
899 2290 1106 2390 pervulgata
1124 2290 1260 2365 Pilatus

194 2403 344 2479 Tiberio
364 2403 514 2493 retulit;
538 2419 575 2477 et
596 2403 696 2504 qaod
719 2430 789 2503 pro
810 2405 1010 2479 innumeris
1034 2406 1263 2506 magnalibus

194 2522 236 2595 in
249 2524 324 2620 ejus
340 2521 490 2596 nomine
504 2521 658 2619 peractis
668 2546 688 2592 a
700 2520 978 2620 quamplurimis
989 2525 1064 2621 hm
1080 2522 1178 2598 Deus
1189 2548 1264 2599 cuc

196 2635 417 2726 crederetur,
435 2632 575 2733 adjecit.
596 2632 763 2708 Tiberius
785 2660 869 2735 quae
885 2652 1110 2736 compererat
1124 2638 1264 2713 senatui

197 2751 336 2827 retulit.
357 2752 508 2826 Senatus
524 2767 646 2825 autem
662 2750 847 2824 Christum
865 2755 1039 2852 sprevisse
1053 2752 1191 2828 dicitur
1203 2755 1273 2856 [nt

200 2869 445 2944 Tertullianus
463 2868 502 2943 in
519 2868 759 2969 Apologetico
772 2895 840 2944 sno
853 2870 1000 2969 scribit]
1021 2897 1093 2972 pro
1105 2896 1154 2946 eo
1165 2872 1272 2973 quod

196 2985 303 3085 hujus
318 2986 372 3060 rei
385 2984 563 3084 judicium
578 3012 656 3059 non
678 2985 746 3058 sihi
760 2988 860 3086 prius
877 2986 1036 3061 delatum
1052 2989 1189 3078 faerit,
1207 2988 1274 3064 setl

196 3100 448 3174 auctoritatem
471 3126 572 3173 auam
598 3102 695 3201 vulgi
721 3103 896 3176 sententia
923 3104 1155 3202 praevenerit
1194 3106 1273 3179 la

196 3218 295 3290 enim
311 3232 388 3290 erat
407 3216 606 3315 antiquitus
621 3217 825 3317 designata,
851 3245 898 3292 ne
915 3219 997 3319 quis
1014 3220 1109 3319 apud
1128 3221 1275 3294 Rorna-

198 3359 264 3409 nos
286 3333 372 3407 deus
389 3330 600 3423 haberetur,
619 3335 688 3406 nisi
706 3350 847 3409 senatus
868 3336 1014 3410 decreto
1030 3351 1068 3411 et
1084 3340 1270 3413 sententia

197 3448 445 3523 confirmatus.
463 3449 582 3522 Porro
589 3502 600 3536 ,
624 3464 667 3521 ut
692 3448 920 3524 Caesarienais
943 3450 1117 3526 Eusebius
1142 3453 1183 3526 in
1208 3476 1273 3529 aa·

198 3562 321 3639 cundo
335 3563 588 3637 Ecclesiastico}
611 3566 779 3637 llistoriae
806 3563 905 3640 libro
924 3567 1064 3657 asserit,
1091 3567 1164 3642 hoc
1189 3582 1273 3644 erat

232 3905 271 3973 (r)
289 3905 354 3958 Act.
370 3914 461 3975 apost.
475 3922 517 3973 n,
534 3904 608 3961 1-26.
622 3908 743 3975 (Maces
754 3904 863 3982 37-41.)

231 3996 271 4063 (α)
290 3994 363 4048 lbid.
378 4012 418 4063 n,
437 3993 522 4070 27-30
538 3994 661 4068 (lb-44).
681 3997 761 4052 Cette
774 3998 891 4067 lamine,
911 3997 981 4054 dont
996 3997 1017 4053 il
1033 4014 1050 4072 a
1068 3995 1133 4070 deii
1151 4001 1201 4056 ete
1217 3999 1272 4057 fis

195 4084 319 4141 mention
337 4084 489 4155 ci-dessus,
503 4086 550 4142 Ην.
566 4106 588 4154 ι,
603 4106 633 4160 p.
645 4105 690 4161 97,
710 4088 754 4142 fut
769 4087 879 4161 prodite
894 4106 930 4143 eu
943 4084 993 4157 43,
1006 4087 1096 4144 arrivs
1110 4105 1149 4146 ea
1166 4090 1220 4160 u,
1236 4094 1268 4144 st

196 4175 327 4230 continua
339 4174 374 4229 de
386 4173 494 4231 desolor
507 4176 628 4234 l’Orieut
640 4177 762 4250 pendant
774 4177 912 4251 plusieuaa
923 4180 1033 4241 mess.
1117 4234 1120 4240 .
