2894 4958
566 395 683 456 bllllill
705 396 862 457 PRIMUS.
1211 399 1250 455 87

182 515 366 614 discipulis
390 514 559 588 undecim
580 529 617 587 et
640 515 779 589 caeteris
798 514 980 588 omnibus.
1002 515 1049 588 Et
1071 516 1142 587 visa
1168 531 1253 588 sunt

183 648 268 707 ante
287 632 368 705 illos
384 632 477 704 sicut
492 631 769 706 deliramentum
793 630 902 706 verba
920 632 1004 722 ista,
1026 647 1063 705 et
1077 658 1154 706 non
1172 657 1254 706 cre-

183 748 319 824 debant
336 748 419 838 illis.
438 749 501 821 llis
514 762 550 823 et
563 750 704 822 Marcus
720 763 922 822 attestatur.
950 748 1044 822 Nam
1061 766 1254 850 postquam

185 867 486 944 commemoravit
513 891 570 939 eas
600 880 794 940 trementes
822 880 859 940 et
886 882 1053 966 paventes
1077 894 1097 940 a
1119 893 1255 941 monu-

184 998 312 1059 mento
331 984 468 1074 exisse,
488 998 525 1058 et
541 983 679 1056 nemini
705 982 902 1084 quidquam
917 983 1046 1058 dixisse
1057 1013 1068 1075 3
1090 985 1255 1083 adjunxit

185 1099 285 1200 quod
302 1126 488 1200 resurgens
507 1099 683 1173 Dominus
700 1101 907 1199 apparuerit
924 1126 1030 1174 mane
1045 1101 1161 1200 prima
1178 1099 1255 1173 sab·

184 1214 261 1288 bati
278 1215 399 1316 primo
416 1216 540 1290 Mariae
557 1213 796 1313 Magdalenae‚
811 1213 855 1324 de
870 1241 942 1314 qua
958 1218 1109 1314 ejecerat
1119 1232 1256 1316 septem

185 1329 386 1421 daemonia3
409 1347 445 1406 et
468 1332 552 1432 quia
574 1330 634 1403 illa
651 1330 780 1404 vadens
798 1331 980 1404 nuntiavit
997 1332 1062 1420 iis,
1091 1333 1256 1433 quicum

186 1445 398 1537 coluerant,
415 1445 621 1547 lugentibus
635 1460 671 1519 et
683 1444 853 1519 flentibus
859 1475 871 1535 3
883 1460 920 1520 et
929 1446 1014 1546 quia
1026 1447 1093 1536 illi,
1109 1446 1258 1521 audien-

187 1578 240 1638 tes
261 1564 361 1665 quod
381 1567 518 1638 viveret
541 1578 577 1638 et
603 1563 698 1636 visus
723 1578 813 1637 esset
835 1561 881 1635 ab
907 1591 967 1652 ea,
991 1590 1067 1637 non
1094 1563 1258 1638 eredide-

185 1682 586 1756 runt.SaneMatthaeus
594 1682 702 1755 etiam
712 1681 802 1753 illud
812 1681 978 1770 inseruit,
988 1682 1262 1755 abscedentibus.

187 1796 422 1888 mulieribus,
448 1824 530 1899 quae
558 1796 618 1870 illa
641 1798 765 1870 omnia
795 1796 962 1870 viderant
987 1813 1024 1871 et
1048 1797 1256 1890 audierant,

187 1913 325 1988 venisse
344 1913 453 1989 etiam
473 1913 647 2014 quosdam
664 1913 702 1986 in
730 1913 912 1986 civitatem
930 1913 974 1986 de
1004 1913 1074 1985 illis
1096 1913 1258 1988 custodi-

187 2029 255 2102 bus
277 2029 342 2130 qui
359 2029 459 2103 velut
479 2030 616 2101 mortui
634 2033 841 2129 jacuerant,
867 2043 904 2101 et
923 2029 1105 2103 nuntiasse
1121 2031 1259 2128 princi·

186 2146 294 2248 pibus
310 2147 537 2222 sacerdotum
553 2147 675 2220 omnia
702 2172 784 2246 quae
803 2145 898 2219 facta
917 2162 1044 2239 erant,
1064 2175 1104 2221 ea
1122 2148 1258 2223 scilicet

188 2289 272 2364 quae
295 2265 348 2336 illi
381 2263 517 2340 sentire
542 2278 769 2364 potuerunt3
797 2263 878 2338 illos
909 2288 998 2339 vero
1024 2282 1257 2367 congregatos

188 2408 273 2457 cum
281 2382 505 2473 senioribus,
524 2382 677 2457 consilio
687 2399 853 2482 accepto,
872 2381 1062 2482 pecuniam
1078 2386 1259 2484 copiosam

186 2499 324 2575 dedisse
330 2500 507 2575 militibus
515 2554 527 2591 ,
539 2516 581 2573 ut
593 2501 756 2575 dicerent
765 2500 864 2602 quod
876 2501 1041 2602 discipuli
1052 2505 1127 2602 ejus
1141 2503 1258 2603 ipsum

186 2614 300 2691 furati
328 2633 446 2692 essent
479 2618 550 2690 illis
579 2615 871 2707 dormientibus;
903 2617 1115 2718 pollicentes
1150 2619 1258 2692 etiam

188 2736 453 2809 securitatema
478 2734 648 2835 praeside,
667 2736 730 2836 qui
760 2761 822 2810 eos
850 2735 1012 2812 custodes
1036 2735 1203 2827 dederat,
1222 2752 1260 2811 et

189 2849 272 2925 illos
287 2869 430 2952 accepta
451 2854 602 2953 pecunia
616 2853 742 2927 fecisse
757 2853 851 2926 sicut
866 2868 968 2927 erant
990 2853 1086 2928 docti
1102 2883 1114 2943 ;
1134 2854 1256 2928 divul-

189 2968 549 3070 gatumqueverbum
565 2970 660 3051 istud
678 2972 773 3071 apud
782 2970 926 3044 ludaeos
938 2996 1052 3071 usque
1065 2972 1104 3043 in
1117 2970 1260 3045 hodier-

190 3112 282 3160 num
301 3086 410 3161 diem.
430 3091 542 3162 Lucas
558 3088 655 3162 solus
675 3102 833 3189 quatuor
854 3087 1163 3189 Evangelistarum
1182 3114 1258 3162 non

190 3200 280 3276 dicit
294 3232 313 3276 a
330 3204 544 3277 mulieribus
555 3205 672 3278 visum
688 3206 907 3295 Dominum,
930 3205 991 3280 sed
1008 3205 1259 3279 tantummodo

191 3320 348 3418 angelos.
364 3320 559 3396 Mattbaeus
571 3322 803 3412 autemdicit,
818 3322 917 3422 quod
930 3323 979 3396 eis
992 3335 1260 3395 amonumento

192 3434 426 3511 redeuntibus
452 3440 666 3513 occurrerit.
696 3437 840 3511 Marcus
857 3463 1002 3537 quoque
1024 3436 1113 3509 dicit
1141 3436 1262 3536 primo

192 3554 309 3628 risum
335 3583 408 3631 esse
436 3557 560 3630 Mariae
578 3556 798 3658 Magdalenae
809 3610 822 3649 ‚
841 3557 934 3628 sicut
949 3569 986 3629 et
1004 3555 1172 3629 loannes.
1192 3554 1261 3627 Sed

194 3673 378 3772 quomodo
403 3675 435 3748 ei
462 3676 510 3746 sit
532 3677 631 3747 visus
653 3699 729 3748 non
754 3672 862 3768 dicit,
893 3671 994 3773 quod
1020 3672 1219 3771 explicatur
1242 3697 1264 3742 a

193 3792 364 3891 loanne(
386 3795 416 3891 ).

229 4096 268 4164 (ι)
286 4095 389 4150 Mattb.
402 4114 499 4164 min,
515 4094 601 4164 8-153
620 4097 786 4163 Marem,
801 4093 883 4162 8·11;
897 4092 962 4148 Luc.
978 4110 1053 4162 mv,
1070 4108 1153 4165 9·12;
1166 4092 1263 4147 loann

199 4201 242 4253 ιι,
261 4186 353 4252 14-18.
