2894 4958
195 359 255 419 162
467 352 654 415 HISTORIA
673 351 979 416 necamusulca.

194 499 282 548 xxvi
311 472 428 547 annis.
461 474 567 546 Tunc
592 471 701 549 Rullo
727 471 943 547 christianus
974 471 1089 547 sactus
1116 489 1193 565 cst,
1221 492 1255 552 ct

193 620 276 666 cum
308 591 444 667 Karolo
467 617 551 693 rege
574 592 821 681 Francorum,
853 607 995 690 accepta
1023 592 1062 665 in
1089 593 1256 694 conjugio

191 707 289 783 Gisla
310 707 381 781 filia
409 710 503 808 ejus,
529 704 735 807 pacificatus
757 720 823 780 cst.
851 706 1011 781 ilenrico
1039 707 1254 804 imperante,

190 826 344 901 Karolus
375 852 439 899 rex
468 825 505 897 in
537 849 680 897 carcere
710 822 854 897 comitis
888 821 1058 898 Herberti
1090 829 1256 925 Patrona

190 942 301 1034 obiit,
329 958 367 1017 et
383 944 509 1044 ingens
524 940 701 1016 dissensio
719 942 878 1016 Francos
899 939 1072 1015 turbavit.
1097 940 1256 1019 Tandem

186 1078 270 1163 post
279 1063 445 1164 quinque
455 1084 570 1133 annos
580 1057 990 1133 LudovicusrcxKaroli
1002 1058 1098 1133 [ilius
1107 1056 1257 1135 Gerbcr-

187 1205 282 1281 gam,
293 1178 440 1252 Henrici
453 1179 660 1250 Teutonum
668 1176 762 1276 regis
772 1174 897 1266 filiam,
910 1202 1061 1251 uxorem
1069 1176 1203 1276 duxit(
1224 1176 1254 1275 ).

237 1294 588 1369 Constantinuscum
598 1294 765 1368 Romano
775 1320 889 1393 puero
899 1293 976 1368 filio
986 1320 1066 1382 suo,
1077 1297 1254 1369 annisxv.

187 1415 293 1487 Tunc
302 1412 404 1501 Otto,
419 1409 514 1484 filius
528 1410 675 1483 Heurici
685 1465 697 1502 ,
708 1436 858 1512 regnare
871 1412 986 1510 coepit
993 1464 1005 1500 ,
1020 1427 1057 1484 ct
1070 1435 1188 1485 xxxvi
1198 1437 1256 1484 an-

187 1530 244 1601 nis
272 1529 459 1629 regnavit,
483 1542 520 1601 et
545 1553 709 1602 sororem
733 1527 919 1603 Edcistaui
940 1529 1033 1630 regis
1054 1528 1255 1630 Anglorum

186 1651 376 1748 conjugem
395 1642 520 1718 habuit
537 1647 603 1744 (a).
624 1645 731 1719 Tunc
748 1645 964 1720 Guillelmus
982 1644 1255 1750 Longa-Spatia

186 1762 393 1837 Rithulfum
418 1760 679 1836 Ebroicensem
691 1816 703 1851 ,
734 1763 772 1834 iu
802 1763 884 1837 loco
907 1763 970 1863 qui
998 1763 1147 1835 Pratum
1172 1761 1255 1837 beili

185 1878 340 1970 dicitur,
370 1879 476 1969 vicit3
503 1893 540 1952 et
565 1877 744 1951 Arnulfus
768 1878 947 1952 Flandriae
976 1895 1115 1978 satrapa
1142 1877 1257 1980 ipsum

185 2013 269 2097 post
277 2021 345 2070 v111
357 2021 485 2084 annos,
496 2007 578 2069 xv1⁰
591 1994 662 2068 kal.
672 1997 826 2095 januarii
839 2049 851 2088 ‚
863 1995 1099 2070 Guilleimum
1106 1992 1253 2071 occidit.

185 2111 381 2189 Guillelmo
398 2125 519 2184 autem
531 2108 727 2182 Richardus
739 2124 842 2184 vetus
859 2111 956 2184 filius
973 2115 1048 2210 ejus
1067 2113 1104 2185 in
1123 2112 1255 2186 ducatu

185 2229 372 2317 successit,
397 2242 435 2301 et
456 2251 518 2300 mv
541 2226 645 2301 annis
671 2227 917 2327 principatum
943 2243 1089 2303 strenue
1118 2231 1255 2322 tenuit,

186 2361 223 2419 et
234 2341 423 2417 laudabilia
442 2368 549 2442 opera
565 2343 786 2440 perpetravit
799 2345 870 2442 (3).

220 2615 261 2687 (r)
279 2610 447 2685 (Decembre
458 2627 563 2686 919-20
575 2611 722 2666 decembre
733 2613 810 2685 944.)
826 2611 864 2666 La
878 2612 1040 2669 conversion
1052 2611 1089 2668 de
1101 2611 1206 2670 Roilon
1216 2623 1256 2671 est

187 2703 223 2760 de
235 2702 341 2757 l’anuee
352 2718 422 2777 912,
437 2717 546 2756 comme
557 2709 620 2755 tout
631 2698 658 2754 le
671 2698 774 2755 monde
786 2699 813 2755 le
825 2700 886 2754 uait.
900 2702 925 2756 A
938 2700 1081 2774 l'exemple
1094 2700 1133 2757 de
1146 2703 1186 2760 M.
1200 2703 1255 2759 Lic-

187 2801 272 2867 quet,
290 2808 361 2846 nous
381 2807 547 2865 reponamus
566 2806 615 2843 son
634 2787 773 2862 prdoendu
791 2789 913 2863 mariage
932 2808 996 2845 avec
1012 2789 1125 2857 Gnate,
1147 2790 1217 2847 dont
1235 2790 1255 2845 ii

188 2879 303 2935 n’existc
319 2877 355 2933 de
367 2888 454 2934 traces
466 2875 602 2952 quedam
615 2894 665 2931 uos
678 2876 828 2932 historiens
840 2875 1006 2945 normands,
1021 2878 1130 2952 etqui,
1149 2894 1255 2933 comme

188 2976 249 3023 tant
264 2965 386 3021 d'autres
397 2964 433 3020 de
446 2963 521 3020 leun
533 2965 681 3020 assertions
693 2982 742 3018 sur
755 2982 804 3019 son
817 2974 941 3038 compte,
956 2964 1026 3019 n’eat
1043 2983 1099 3039 que
1116 2965 1256 3021 l’attribu·

189 3057 250 3112 tion
262 3060 276 3111 a
291 3075 322 3111 cc
333 3072 505 3130 personuage
515 3053 583 3108 d’un
595 3054 645 3109 fait
658 3055 799 3109 autarieur
810 3053 945 3128 defiguni.
959 3055 1006 3111 On
1020 3055 1073 3110 sait
1082 3055 1258 3133 combienlct

188 3148 325 3222 premiere
336 3146 485 3200 historiens
502 3145 585 3200 d'une
603 3146 699 3200 natiou
714 3155 777 3200 sont
794 3144 899 3200 enclins
915 3149 1071 3219 arcporter
1088 3145 1161 3203 ainsi
1173 3145 1258 3203 auria

189 3236 248 3292 teta
266 3234 334 3291 d’un
351 3235 435 3289 heroa
456 3233 600 3307 privilagio
619 3243 683 3289 tous
700 3232 741 3289 ies
759 3233 902 3290 convenire
921 3232 1103 3290 memorables
1125 3253 1183 3310 que
1200 3234 1258 3291 leur

191 3323 292 3380 odient
311 3322 351 3377 les
370 3323 546 3396 generations
568 3320 758 3396 prc'cddcutes.
780 3324 870 3379 Henri
886 3322 1045 3392 l’Oiseieur‚
1069 3321 1116 3378 diu
1136 3343 1173 3379 en
1190 3341 1257 3400 9¹9·

192 3421 307 3467 mourut
325 3411 351 3466 le
368 3428 384 3465 a
401 3409 494 3483 juillet
512 3407 580 3485 936,
603 3420 632 3465 et
652 3409 944 3484 Charias-lesimple‚
963 3411 1014 3466 fait
1033 3411 1196 3484 paisonuier
1211 3429 1258 3487 par

192 3502 313 3557 Herbert
324 3502 367 3570 ΙΙ,
381 3510 472 3556 comte
487 3498 522 3554 de
535 3499 720 3556 vermandois
732 3497 831 3574 (923),
846 3499 916 3554 dans
926 3518 954 3554 sa
967 3500 1061 3574 prison
1079 3502 1097 3554 a
1113 3501 1256 3569 Pcrouue,

191 3588 218 3645 le
229 3608 248 3663 9
260 3589 373 3645 octobre
388 3608 451 3665 9²9·
473 3591 510 3644 be
527 3589 648 3661 mariage
665 3588 700 3645 de
719 3591 802 3646 Louis
815 3590 995 3647 d'Outremer
1013 3608 1078 3647 avec
1096 3590 1257 3666 Gerherge,

193 3674 248 3731 fille
260 3676 295 3732 de
306 3677 395 3733 Henri
408 3677 566 3744 l’Oiseleur‚
580 3688 622 3732 eat
634 3677 669 3734 dc
682 3676 788 3733 l'anuee
799 3677 862 3754 939.

226 3766 266 3837 (a)
284 3766 329 3836 (ao
338 3764 483 3821 ddcembre
494 3766 712 3840 pii-novembre
721 3766 825 3842 959-15
837 3785 911 3824 mars
919 3765 994 3844 963.)
1002 3765 1256 3836 otton-leonnd,

191 3852 238 3910 eiu
249 3853 292 3910 roi
304 3853 339 3909 de
351 3854 501 3911 Germanic
513 3874 548 3911 en
561 3855 630 3931 936,
645 3869 760 3913 mourut
772 3857 799 3914 le
811 3877 827 3933 7
838 3859 893 3914 mai
904 3855 966 3934 975.
976 3858 1001 3914 ll
1013 3858 1085 3914 avait
1095 3859 1214 3932 dpouad,
1223 3876 1258 3915 ea

191 3940 260 4018 930,
281 3931 398 4012 Editur),
416 3942 472 4000 fille
486 3933 662 4016 d'Fdouard,
681 3948 724 4002 roi
743 3947 952 4022 d'Angieterre,
972 3959 1001 4004 et
1020 3965 1070 4023 par
1088 3950 1259 4024 oomdqumt

193 4049 268 4089 amur
279 4031 449 4090 d’Adcistan.

225 4118 266 4195 (3)
283 4121 308 4179 11
317 4131 360 4180 cat
370 4119 481 4180 difficile
490 4121 641 4198 d'uaigncr
651 4142 708 4183 une
717 4125 781 4184 date
792 4127 924 4201 praeiret
934 4126 961 4183 ia
973 4126 1088 4185 vic'toioe
1099 4127 1257 4202 tempor&
