2916 4958
194 403 255 466 294
469 403 652 463 HISTORIA
675 401 980 466 Eectnsttstlca.
1055 460 1059 472 ‚

194 548 279 595 cum
298 546 364 596 nec
384 545 513 593 aurum
537 535 740 595 mutaretur
758 521 796 594 in
812 521 949 620 virgas,
969 545 1037 596 nec
1051 547 1207 620 gemmae
1225 524 1262 599 in

193 666 327 713 arenas.
354 637 516 713 Tandem
540 639 634 711 anxii
664 638 793 722 fratres
815 637 859 711 ad
880 637 1086 738 apostolum
1109 665 1263 717 necesse

191 772 302 848 runt,
317 771 354 829 et
372 781 455 829 cum
471 755 597 830 multis
613 755 779 855 precibus
795 781 836 828 ac
850 755 1019 857 lacrymis
1035 756 1262 832 clementiam

193 875 267 972 ejus
289 871 581 950 obsecraverunt.
605 871 670 946 llle
692 897 780 946 vero
803 870 975 946 flentibus
999 897 1208 972 compassus
1228 889 1263 949 et

191 989 476 1087 poenitentibus,
495 988 672 1066 universis
693 990 801 1063 etiam
823 1015 892 1087 pro
913 989 963 1064 eis
986 989 1263 1079 intervenienti·

192 1104 279 1196 bus,
293 1106 400 1204 jussit
416 1105 533 1205 virgas
550 1105 589 1179 in
602 1104 747 1194 silvam,
767 1120 805 1179 et
821 1121 941 1204 petras
957 1104 1001 1178 ad
1018 1105 1124 1179 littus
1139 1133 1263 1207 repor-

194 1239 288 1311 tare,
307 1223 479 1321 quoniam
492 1221 536 1295 ad
549 1237 716 1299 naturam
728 1248 829 1297 suam
840 1237 926 1297 sunt
940 1249 1109 1297 reversae.
1127 1224 1262 1300 Deinde

192 1338 356 1439 praedicti
377 1339 507 1414 fratres
524 1341 676 1441 gratiam
690 1367 798 1441 quam
818 1342 1012 1415 amiserant
1025 1359 1259 1442 receperunt;

195 1458 242 1528 ita
260 1474 303 1530 ut
320 1457 501 1547 daemones
523 1459 616 1531 sicut
638 1458 738 1558 prius
758 1458 945 1560 fugarent,
969 1459 1136 1534 infirmos
1159 1486 1263 1533 cura·

193 1589 295 1664 rent,
315 1600 428 1653 caecos
445 1574 712 1666 illuminarent,
738 1593 775 1651 et
799 1577 951 1651 virtutes
975 1576 1107 1649 multas
1129 1579 1168 1653 in
1194 1602 1262 1653 no-

194 1691 292 1770 mine
307 1692 455 1765 Domini
472 1691 648 1766 facerent.

243 1807 336 1881 Cum
356 1809 475 1883 omnis
498 1810 621 1883 civitas
646 1807 906 1908 Ephesiorum,
933 1810 1008 1883 imo
1034 1808 1149 1885 totius
1172 1808 1264 1884 Asie

193 1925 381 2022 provincia
398 1941 562 1999 sanctum
584 1925 766 2004 excoleret
787 1951 828 1999 ac
845 1923 1047 2026 predicaret
1066 1926 1262 2012 loannem,

195 2040 349 2140 contigit
371 2057 412 2116 ut
435 2042 592 2118 cultores
612 2042 797 2118 idolorum
815 2043 1015 2118 excitarent
1034 2042 1262 2116 seditionem.

195 2159 416 2236 Insanientes
433 2160 555 2258 itaque
571 2160 722 2259 gentiles
738 2159 783 2233 ad
808 2160 984 2259 templum
1005 2159 1133 2233 Dianae
1155 2161 1266 2235 Joan·

197 2299 282 2349 nem
296 2288 503 2363 traxerunt,
519 2301 560 2348 ac
576 2273 621 2349 ad
633 2273 837 2351 foeditatem
849 2274 1111 2350 sacrificiorum
1122 2275 1266 2350 flectere

195 2388 314 2462 moliti
331 2402 429 2462 sunt.
450 2387 589 2482 Quibus
607 2390 669 2469 ille
684 2391 825 2491 Spiritu
840 2391 973 2466 Sancto
988 2392 1118 2492 plenus
1134 2418 1266 2492 propo·

195 2503 268 2578 suit
288 2519 330 2575 ut
350 2503 446 2579 irent
460 2503 505 2582 ad
521 2505 704 2580 ecclesiam
718 2505 872 2595 Christi,
892 2521 930 2580 et
948 2507 1123 2581 invocatis
1142 2509 1266 2582 Dianae

196 2642 269 2690 suae
282 2617 420 2690 viribus
435 2616 596 2695 lacerent
608 2620 723 2696 aedem
740 2621 866 2696 cadere
884 2621 1038 2712 Christi;
1060 2639 1125 2696 aut
1144 2623 1175 2695 si
1191 2647 1265 2698 non

195 2747 343 2835 possent
365 2733 433 2808 hoc
451 2733 585 2825 lacere,
605 2736 680 2837 ipse
698 2737 867 2813 invocato
887 2737 1038 2813 nomine
1052 2737 1121 2813 Dei
1139 2737 1197 2812 sui
1211 2736 1268 2812 fa-

198 2867 295 2930 ceret
321 2853 448 2928 fanum
477 2855 602 2934 Dianae
626 2853 698 2930 labi
724 2869 762 2932 ot
788 2854 926 2930 idolum
950 2857 1025 2954 ejus
1051 2854 1265 2930 comminui.

198 2973 280 3066 Quo
307 2971 426 3060 facto,
457 2972 678 3047 considerata
706 2971 941 3062 rectitudine,
972 2973 1267 3072 superstitionem

197 3090 364 3163 vanitatis
380 3091 650 3191 relinquerent,
677 3105 714 3164 et
733 3116 828 3166 verae
852 3089 934 3164 fidei
950 3090 1173 3192 justitiaque
1195 3107 1268 3164 tra·

198 3207 325 3281 mitem
337 3206 554 3305 arriperent.
568 3204 740 3279 Conditio
753 3203 997 3303 hujuscemodi
1010 3205 1147 3305 placuit
1153 3204 1266 3307 plebi,

199 3323 284 3396 licet
300 3323 403 3422 pauci
418 3338 554 3411 essent,
569 3322 633 3423 qui
649 3319 734 3395 huic
747 3320 1265 3398 contradicerentdelinitioni.

201 3439 306 3512 Tunc
324 3437 449 3512 beatus
464 3440 621 3512 Joannes
632 3437 787 3515 dulciter
799 3435 1007 3516 exhortatus
1021 3454 1075 3512 est
1090 3437 1268 3538 populum

200 3571 242 3630 ut
259 3556 368 3656 longe
386 3554 568 3630 recederet
584 3581 604 3626 a
626 3554 785 3654 templus
805 3554 879 3654 ipse
896 3580 983 3629 vero
998 3553 1128 3629 devota
1147 3570 1268 3629 mente

201 3687 237 3744 et
261 3671 355 3744 clara
378 3697 465 3745 voce
482 3672 611 3745 oravit.
634 3670 820 3748 Continuo
837 3670 963 3744 fanum
979 3685 1016 3745 et
1033 3671 1157 3744 omnia
1175 3669 1268 3745 idola

202 3793 276 3889 ejus
297 3803 533 3878 corruerunt,
548 3816 590 3863 ac
606 3791 700 3862 sicut
710 3789 844 3889 pulvis,
859 3815 968 3892 quem
982 3789 1129 3889 projicit
1139 3803 1267 3863 ventus

202 3934 220 3978 a
239 3907 328 3981 facie
346 3923 471 3996 terrae,
490 3907 614 3983 effecta
631 3921 729 3981 sunt.
748 3905 882 3981 Eadem
898 3930 985 3980 vero
1001 3905 1059 3981 die
1077 3904 1266 3980 duodecim

203 4022 314 4096 millia
325 4022 533 4122 gentilium,
550 4021 871 4121 exceptisparvnlis
883 4037 919 4096 ct
933 4019 1162 4110 mulieribus,
1177 4046 1266 4096 con·
