2894 4958
570 394 689 458 Llltltlt
710 395 869 458 PRIMUS.
1196 399 1255 459 tto

184 513 413 616 temporibus
427 512 555 587 Bruno
576 515 758 590 Tullensis
772 515 962 616 episcopus
978 515 1156 616 legatione
1184 518 1259 592 lo-

183 634 438 737 thoringorum
462 630 617 734 fungens
640 633 795 707 Romam
821 629 936 724 abiit,
961 647 1000 708 et
1015 633 1054 708 in
1074 636 1153 725 viu,
1171 634 1261 709 dum

183 750 463 854 quadumnoote
474 763 617 838 oraret,
630 749 776 850 angelos
792 748 1123 824 contantesaudisit
1136 782 1145 823 :
1158 754 1262 827 Dicit

185 870 391 956 Dominus,
407 893 476 967 ego
491 867 613 967 cogito
627 869 865 968 cogitationes
874 870 1004 969 pacis,
1018 885 1054 943 ct
1064 896 1139 943 non
1150 872 1265 972 afflic-

188 989 299 1063 tionis
312 987 384 1087 (1),
395 1000 434 1061 et
446 1001 589 1060 ooetcre.
604 985 730 1059 Bruuo
742 1000 863 1061 autem
873 985 918 1061 ad
931 1014 1061 1088 popum
1071 988 1264 1063 Damasum

187 1104 422 1207 perveniens,
441 1101 643 1179 honorilice
655 1101 701 1178 nb
718 1129 764 1179 eo
782 1121 966 1206 susceptus
989 1121 1066 1197 est,
1089 1108 1182 1182 etin
1208 1134 1265 1183 sc-

190 1237 282 1295 nstn
298 1246 453 1297 romano
476 1218 665 1297 cardinalis
681 1221 870 1323 episcopus
886 1221 1075 1297 ordinatus
1089 1239 1158 1298 est.
1175 1225 1266 1298 Erat

190 1339 292 1415 enim
319 1336 472 1438 pulcher
494 1352 534 1413 et
556 1362 770 1439 generosus,
788 1341 930 1440 sopiens
955 1353 993 1415 et
1013 1339 1211 1431 facundus,
1228 1357 1267 1416 et

192 1456 319 1531 multis
335 1472 485 1530 ornatus
503 1454 713 1531 virtutibus.
733 1455 872 1532 Eodem
882 1483 981 1532 anno
991 1461 1163 1533 Damasus
1175 1486 1266 1560 popo

191 1573 387 1649 defunctus
399 1588 475 1663 est,
487 1590 526 1647 et
538 1575 664 1647 Bruno
679 1573 717 1646 in
732 1575 892 1649 leonem
907 1600 1036 1676 papum
1047 1575 1181 1650 electus
1192 1591 1247 1650 est
1254 1603 1267 1667 ς

194 1691 258 1792 qui
275 1706 486 1767 sanctorum
497 1691 586 1764 scita
603 1715 787 1765 cononum
806 1691 937 1791 possim
953 1692 1143 1765 restituere
1158 1717 1271 1766 cona-

196 1825 255 1883 tus
266 1825 322 1884 'est
334 1862 345 1902 ,
358 1835 441 1910 qum
449 1810 726 1909 jumtruusuctis
743 1807 969 1910 temporibus
979 1809 1271 1911 supradictorum

195 1952 326 2029 rugum
338 1942 376 2001 et
390 1926 608 2027 pontificum
620 1927 729 2002 nimis
744 1925 973 2016 deciderunt,
987 1941 1024 2001 et
1034 1952 1127 2028 pene
1138 1954 1158 2000 a
1170 1929 1272 2002 noti·

199 2045 247 2118 tiu
261 2041 455 2116 bominum
462 2041 703 2118 defluxerunt.
718 2045 796 2144 lpse
811 2042 923 2143 igitur
934 2069 1033 2118 enno
1046 2044 1193 2119 Domini
1207 2060 1273 2118 w

199 2161 321 2236 Remis
339 2160 429 2235 utile
443 2161 637 2236 concilium
656 2162 795 2250 tenuit,
816 2175 853 2236 et
874 2160 1097 2237 demetiente
1113 2162 1273 2262 justitia-

197 2306 270 2383 que
287 2280 543 2353 ministrorum
569 2278 635 2353 Ilei
656 2279 824 2353 eructavit
835 2293 848 2369 3
867 2292 905 2354 et
929 2277 1085 2353 salubria
1107 2279 1272 2371 decretu,

199 2394 371 2498 quoe'jem
385 2398 564 2471 antistites
593 2395 849 2496 etpresbyteri
868 2395 1094 2486 nesciebant,
1118 2422 1274 2471 renovo-

201 2516 268 2589 vit.
284 2516 390 2588 Tunc
404 2515 589 2589 ecclesium
614 2514 727 2588 suncti
752 2514 905 2616 Remigii
935 2516 1135 2589 Remorum
1153 2515 1276 2590 urchi-

202 2632 361 2733 episoopi
384 2627 456 2705 lul.
477 2629 658 2720 octobris,
677 2631 867 2705 Her-imaro
889 2630 1019 2706 abbute
1032 2647 1274 2733 procurante,

203 2747 402 2840 delicuit,
423 2765 460 2823 et
476 2775 607 2850 eorpus
627 2748 961 2849 ejusdem-praesulis
974 2748 1188 2836 tmustulit;
1209 2775 1278 2821 cu-

202 2869 259 2966 jus
273 2867 482 2943 solemnitas
504 2867 654 2969 singulis
683 2866 787 2939 aunis
817 2867 938 2965 primo
965 2862 1024 2940 die
1050 2863 1213 2940 octobris
1238 2866 1278 2939 in

209 2984 358 3059 nuncia
375 2982 610 3059 celeberrime
625 2983 668 3057 fit
685 2984 701 3082 (
726 2982 758 3080 ).

238 3102 542 3204 sequentianno
558 3101 728 3176 Uticense
743 3097 958 3175 coenobium
973 3101 1086 3173 sancti
1100 3098 1242 3174 Ebrulfi
1257 3128 1278 3175 a

207 3367 248 3427 let
256 3371 441 3445 antegerio,
453 3370 491 3426 oe
500 3381 574 3427 sorte
582 3388 638 3446 que
649 3388 681 3427 oe
689 3372 760 3428 n’est
769 3373 917 3446 gutrcque
928 3386 989 3427 vers
1000 3369 1068 3426 1050
1077 3369 1146 3446 qu’il
1154 3388 1190 3426 en
1199 3373 1281 3430 sortit

212 3474 283 3531 pour
292 3476 322 3513 se
335 3459 459 3533 refugies·
468 3461 567 3532 aupres
579 3457 620 3513 du
632 3469 723 3515 comte
736 3458 872 3533 d’Anjon,
885 3459 997 3515 ennemi
1010 3457 1046 3514 de
1054 3458 1226 3517 Guillaume.

244 3547 285 3620 (ι)
301 3548 405 3602 Jerem.
420 3564 492 3616 xxm,
508 3567 549 3602 tt.

243 3638 284 3708 (α)
302 3637 436 3706 Bruron,
448 3635 491 3692 fils
499 3635 536 3692 de
548 3637 678 3710 tingue,
691 3648 782 3692 comte
790 3638 982 3713 d'Egetheim,
997 3639 1101 3714 &seque
1111 3640 1149 3697 dc
1160 3640 1236 3698 Tonl
1247 3661 1284 3699 en

218 3723 296 3794 ronti,
309 3724 357 3780 elo
370 3743 439 3799 pape
454 3727 471 3780 ὲ
486 3725 603 3781 Worms
618 3729 635 3780 l
649 3723 677 3780 la
692 3725 732 3781 fin
744 3726 780 3780 de
796 3727 877 3797 1048,
890 3728 935 3783 fut
945 3728 1081 3785 inuenire
1096 3728 1124 3784 le
1138 3743 1170 3784 12
1182 3729 1285 3787 terrie

219 3816 300 3888 ποις),
315 3830 381 3869 sous
393 3812 419 3869 le
431 3831 498 3869 nom
508 3812 544 3869 de
557 3814 630 3870 Leon
641 3814 695 3869 IX.
707 3814 784 3870 Nous
796 3816 907 3872 n’uvons
916 3835 1024 3873 aucune
1030 3818 1227 3875 coneumnoe
1235 3817 1285 3875 (les

215 3911 343 3977 mpports
353 3920 410 3977 que
420 3913 502 3959 notre
514 3913 615 3959 auteur
626 3903 667 3958 lui
682 3903 775 3960 donne
783 3924 850 3960 avec
856 3905 884 3961 le
896 3924 966 3980 pope
973 3906 1092 3963 Demere
1101 3907 1147 3976 11,
1159 3925 1212 3965 son
1221 3910 1287 3982 pm-

215 3990 370 4059 deoesseur,
381 4011 440 4049 non
448 3993 574 4068 plusque
583 3993 619 4049 de
631 4011 660 4049 su
672 3996 832 4067 promotion
843 4016 881 4052 au
889 3996 1041 4054 mrdinalat
1052 4017 1145 4071 perce
1155 4016 1235 4073 pape.
1250 4000 1287 4054 Lu

215 4078 346 4137 dedicuoe
354 4079 390 4136 de
398 4080 502 4156 l'e'gliee
513 4083 898 4142 saint-Remieutlieule1“
905 4087 1021 4145 octobre
1031 4091 1115 4163 1⁰49,
1126 4098 1157 4146 ot
1168 4087 1287 4147 t’osser·

217 4177 280 4226 ture
291 4168 332 4225 du
343 4171 449 4227 concile
462 4169 489 4227 le
502 4171 718 4229 surlendemain.
