2916 4958
195 406 255 468 438
469 407 654 467 HISTORIA
677 407 982 470 ECCLESIASTICA.

192 529 250 601 rio
272 541 392 600 autem
416 527 453 598 in
473 525 530 600 die
552 527 651 600 stella
675 525 720 599 ab
743 552 869 600 occasu
893 528 999 616 exiit,
1025 543 1062 602 et
1083 531 1121 603 in
1146 547 1265 630 partes

193 645 349 720 Orientis
364 643 569 718 declinavit.
592 645 677 718 Post
690 644 768 718 haec
786 647 823 718 in
841 646 977 722 Martio
994 673 1099 721 mons
1115 649 1266 723 Bravius

193 765 232 835 in
250 761 440 860 Campania
456 788 521 860 per
534 761 607 835 dies
623 786 648 833 x
661 764 860 853 eructavit,
880 779 916 836 et
933 766 1055 837 omnia
1072 767 1191 839 vicino
1206 769 1264 866 (1)

192 873 265 978 pree
295 877 414 950 cinere
445 876 554 974 ipsius
584 879 818 950 exterminata
843 894 941 951 suut.
972 879 1147 954 Praet'atus
1175 908 1265 980 papa

192 1020 246 1067 xn
265 994 449 1092 episcopos
465 991 665 1081 ordinavit,
685 1008 722 1068 et
741 994 913 1093 ipsev1n⁰
931 992 1008 1068 idus
1020 997 1101 1068 maii
1116 997 1161 1072 ad
1173 997 1264 1071 bea-

192 1127 272 1183 tum
288 1112 433 1184 Petrum
448 1109 607 1208 sepultus
620 1126 673 1183 est
681 1165 693 1199 ‚
709 1128 745 1185 ct
759 1112 906 1184 cessavit
917 1113 1143 1213 episcopatus
1158 1143 1265 1190 men-

192 1227 291 1300 sibus
309 1253 336 1299 n
353 1225 478 1299 diebus
493 1251 541 1299 xv
559 1227 575 1325 (
599 1227 630 1324 ).

239 1346 395 1418 Joannes
407 1345 533 1442 Syrus,
546 1342 590 1416 de
599 1343 792 1418 Antiochia
796 1399 814 1443 ,Ι
823 1372 866 1418 ex
876 1363 977 1445 patre
988 1348 1157 1447 Cyriaeo,
1173 1349 1265 1422 sedit

193 1487 290 1535 anuo
303 1486 378 1533 uno
397 1458 522 1532 diebus
544 1483 603 1548 nt,
626 1473 789 1559 tempore
803 1462 996 1536 Justiniani
1013 1463 1180 1565 Augusti.
1198 1467 1265 1538 Hic

193 1578 279 1651 dum
293 1593 382 1650 esset
395 1577 588 1666 diaconus,
603 1574 647 1647 ab
657 1575 846 1676 Agathone
862 1605 952 1678 papa
965 1605 1049 1651 cum
1061 1580 1140 1652 aliis
1153 1607 1265 1654 sacer·

193 1692 338 1768 dotibus
364 1695 400 1766 in
428 1693 561 1793 regiam
585 1690 714 1765 urbem
737 1695 865 1766 missus
890 1711 956 1768 est.
985 1694 1126 1787 Quarto
1151 1721 1264 1769 nonus

193 1813 331 1914 augusti
348 1811 392 1883 ad
407 1809 554 1884 beatum
570 1811 718 1883 Petrum
738 1811 942 1910 apostolum
960 1813 1120 1911 sepultus
1134 1831 1207 1901 est,
1230 1829 1266 1888 et

194 1930 340 2002 cessavit
354 1929 576 2027 episcopatus
592 1925 776 2000 mensibus
794 1953 819 1999 n
836 1926 962 2000 diebus
975 1954 1080 2002 xvtn.
1097 1930 1166 2001 Hic
1183 1928 1265 2002 diu-

194 2047 269 2117 tina
295 2045 503 2118 infirmitate
520 2042 686 2115 detentus
708 2060 780 2133 est,
801 2060 837 2118 et
860 2046 1045 2144 episcopos
1068 2070 1137 2118 x111
1162 2045 1265 2122 ordi-

194 2164 295 2234 navit
309 2163 375 2259 (ὃ).

243 2280 373 2350 Conon
398 2276 556 2364 Siculus,
588 2275 632 2348 de
656 2291 757 2374 petre
787 2276 980 2364 Traceseo,
1010 2275 1102 2349 sedit
1127 2280 1265 2350 mensi-

176 2386 262 2466 'bus
286 2420 337 2466 ιι.
362 2395 403 2464 ln
427 2398 500 2491 ejus
518 2394 692 2468 electione
715 2421 842 2493 magna
867 2397 1054 2468 contentio
1079 2395 1173 2467 factu
1199 2413 1263 2469 est.

196 2514 289 2585 Nam
302 2511 416 2583 clerus
433 2512 470 2582 in
489 2512 635 2583 Petrum
656 2509 1011 2613 archipresbyterum
1029 2512 1262 2601 intendebat,

196 2643 234 2701 et
255 2627 430 2700 exercitus
448 2627 486 2698 in
503 2642 713 2726 sequentem
728 2628 806 2725 ejus
820 2626 1055 2701 Theodorum
1071 2626 1266 2729 presbyte-

197 2771 292 2819 rum.
314 2743 382 2818 Sed
404 2760 552 2844 repente
567 2761 662 2816 nutu
679 2745 743 2816 Dei
766 2745 945 2819 derelictis
960 2747 1068 2820 Petro
1088 2730 1126 2818 et
1143 2745 1266 2820 Theo-

194 2863 306 2950 doro,
325 2887 450 2934 omnes
471 2860 648 2933 domnum
668 2861 857 2934 Cononem
873 2861 1066 2961 pulchrum
1088 2889 1214 2935 senem
1231 2878 1265 2935 et

195 2980 402 3082 religiosum
418 2979 614 3078 elegerunt.
634 2979 701 3051 Hic
715 2979 854 3052 diutina
870 2979 1080 3051 infirmitate
1097 2981 1264 3053 detentus

196 3115 268 3189 est,
295 3115 331 3170 et
357 3097 540 3197 episcopos
565 3123 626 3170 xvt
651 3097 844 3170 ordinavit.
867 3096 923 3169 Ad
945 3095 1090 3170 beatum
1116 3099 1265 3171 Petrum

197 3332 682 3347 -ss-——m

231 3492 269 3558 (r)
292 3490 412 3553 Vicina,
428 3488 580 3542 manuscrit
589 3487 624 3541 de
637 3475 853 3544 Saint-Evroult.
1237 3519 1242 3526 ·

231 3584 269 3650 (α)
288 3577 333 3646 (αό
343 3578 407 3648 juin
420 3576 505 3650 ost-7
517 3578 572 3632 mai
588 3576 661 3649 685.)
678 3579 717 3632 Le
725 3579 870 3651 pontificat
881 3577 916 3632 de
929 3598 960 3633 ce
973 3595 1043 3650 pape
1054 3596 1089 3631 ne
1099 3595 1265 3649 correspon-

195 3671 238 3724 ‹lit
255 3669 333 3742 point
346 3671 362 3722 fa
374 3667 497 3739 l’empire
513 3666 548 3722 de
559 3669 697 3722 Justiuieu
710 3669 739 3723 11
757 3688 794 3723 ou
807 3667 995 3735 &Her-adius,
1017 3669 1086 3722 mais
1102 3670 1118 3721 i
1139 3667 1212 3721 celui
1233 3668 1267 3720 de

197 3761 361 3817 Constantin
371 3758 498 3831 Pogonat
508 3757 743 3831 (668·septcmbre
752 3757 825 3826 685).
841 3759 956 3814 Suivant
966 3759 1087 3813 d'autrcs
1098 3757 1264 3823 historiens,

197 3868 227 3903 oe
246 3867 281 3902 ue
299 3848 342 3902 sut
357 3849 436 3920 point
454 3846 479 3901 la
493 3847 574 3916 lune,
595 3850 663 3903 mais
676 3868 731 3903 une
743 3848 825 3904 etoile
837 3852 886 3924 qui
904 3850 998 3905 devint
1011 3848 1177 3911 nebulosus,
1194 3859 1224 3903 et
1242 3847 1266 3900 le

196 3945 274 3989 mont
287 3937 335 4008 qui
347 3935 402 4006 jeta
417 3935 464 3989 des
478 3935 601 3991 flammes
613 3937 656 3991 sut
668 3937 694 3992 le
707 3938 825 3994 Vesuve.
938 3950 943 3961 ‘

231 4022 269 4093 (3)
287 4021 333 4091 (23
343 4024 406 4093 juin
415 4023 522 4079 685-1⁰¹
535 4025 684 4096 sottoeo.)
693 4027 733 4082 Ce
742 4046 812 4102 pape
824 4029 896 4084 avait
908 4029 952 4081 ete
962 4044 996 4080 en
1006 4025 1069 4082 effet
1081 4024 1154 4097 legat
1166 4024 1266 4095 d'Aga-

197 4112 267 4186 thou
280 4131 314 4167 au
329 4113 432 4166 concile
446 4112 479 4166 de
491 4115 729 4188 Constantinoplc.
