2894 4958
471 413 589 477 LIBER
609 414 819 478 SECUNDUS.
1120 420 1178 483 ³21

112 561 208 608 num
223 533 393 608 terrendo
407 535 573 635 castigat,
594 550 631 609 et
643 538 829 636 puniendo
844 563 909 637 per
923 539 1179 638 poenitentiam

113 648 299 724 salvificat.
314 649 388 723 Nos
406 651 518 750 igitur
532 653 597 751 ipsi
615 668 796 752 gementes
812 655 848 726 in
863 654 954 728 valle
966 655 1180 755 plorationis

113 766 372 868 supplicemus,
390 793 460 866 pro
480 766 719 842 ineffabilibus
735 765 842 844 bonis
858 771 931 842 suis
951 773 1080 872 gratias
1100 799 1183 873 aga-

112 907 219 974 mus,
238 898 275 956 et
296 883 472 957 mandatis
489 889 563 984 ejus
586 885 816 976 inhaerendo,
838 887 881 960 ad
904 888 1008 961 illum
1030 888 1182 964 festine·
1204 950 1207 960 .

114 1024 211 1073 mus.
228 1001 377 1072 Beatum
394 1025 539 1101 quoque
557 1000 733 1075 Thomam
752 1003 972 1102 apostolum,
991 1005 1054 1105 qui
1068 1005 1183 1107 Didy-

114 1141 197 1198 mus
223 1114 376 1206 dicitur,
407 1141 613 1206 exoremus,
647 1118 750 1217 eique
776 1117 991 1193 fiducialiter
1017 1138 1184 1197 canentes

114 1229 303 1305 dicamus:

170 1347 204 1420 0
235 1349 398 1442 limma,
427 1349 564 1423 Christi
584 1351 828 1454 perlustrator
847 1353 971 1426 lateris
979 1408 994 1444 ,
1018 1381 1091 1457 per
1118 1355 1186 1428 illa

115 1482 304 1540 sanctule
327 1493 500 1568 rogamus
518 1468 692 1555 vulnera,
714 1495 797 1569 quse
818 1469 949 1542 mundi
969 1488 1102 1545 cuncta
1123 1471 1186 1544 di-

116 1583 263 1657 luerunt
286 1587 469 1658 crimina:
495 1602 636 1659 nostros
660 1603 780 1659 reatus
799 1603 894 1688 terge
912 1588 983 1660 tuis
1001 1589 1184 1688 precibus.

115 1701 216 1776 Dira
232 1704 403 1776 sentimus
419 1719 658 1805 peccatorum
679 1702 849 1792 vulrvera,
870 1730 940 1805 pm
965 1705 1096 1805 quibus
1114 1705 1188 1778 da-

116 1845 199 1892 mus
212 1821 320 1893 anxii
330 1822 511 1922 suspiria,
518 1818 655 1918 flentes
672 1845 820 1893 oramus
834 1848 843 1890 :
853 1846 926 1922 pro
944 1819 1186 1923 nobispoten·

117 1936 175 2010 tia
190 1937 284 2034 offer
302 1937 465 2010 Tonanti
480 1937 672 2010 clementer
682 1939 912 2039 precamina.
932 1940 1064 2012 Amen.

168 2054 237 2126 IX.
273 2053 558 2128 Bartholomaeus
590 2054 725 2155 Syrum
756 2069 809 2128 est
821 2106 833 2142 ,
863 2069 899 2129 et
928 2056 1187 2154 interpretatur

106 2165 219 2269 filius
234 2168 487 2271 suspendentis
502 2196 634 2268 aquas.
654 2169 721 2241 Hic
746 2169 783 2240 in
802 2185 898 2242 sorte
923 2168 1188 2270 predicationis

117 2287 339 2388 Lycaoniam
355 2287 510 2386 accepit,
528 2285 656 2360 deinde
671 2287 709 2359 in
724 2286 868 2387 Assyria
886 2302 922 2360 et
944 2288 1066 2359 Tertia
1088 2286 1188 2362 lndia

119 2401 387 2502 evangelizavit.
406 2400 462 2476 Ad
480 2401 653 2474 ultimum
671 2403 709 2473 in
732 2399 874 2475 Albano
892 2403 1036 2501 majoris
1056 2402 1190 2476 Arme-

118 2516 193 2591 niae
204 2515 296 2591 urbe
308 2517 431 2591 vivens
445 2531 496 2589 est
512 2543 532 2589 a
549 2515 713 2589 Barbaris
731 2516 950 2606 decoriatus,
970 2534 1077 2618 atque
1088 2521 1190 2616 jussu

117 2635 214 2734 regis
227 2632 391 2734 Astyagis
399 2633 612 2723 decollatus3
628 2635 897 2734 sicque1x⁰lral
913 2634 1124 2735 septembris
1136 2651 1190 2708 est

120 2767 230 2826 terrae
252 2751 431 2826 conditus.
452 2753 564 2851 Hujus
584 2754 859 2827 sacratissimum
881 2779 1012 2852 corpus
1029 2755 1189 2854 primum

118 2867 166 2942 ad
191 2868 346 2942 insulam
370 2870 554 2969 Lipparis,
578 2866 707 2942 deinde
729 2868 994 2958 Beneventum,
1022 2894 1119 2942 anno
1143 2867 1188 2941 ab

120 2984 371 3059 incarnatione
385 2985 533 3059 Domini
546 3001 692 3057 nccc1x⁰
708 2986 939 3074 translatum,
959 2986 1016 3084 pia
1033 2984 1187 3059 honora-

121 3116 184 3172 tur
196 3102 428 3175 veneratione
441 3100 521 3175 fidel
527 3102 613 3173 ium.
629 3100 736 3174 Nunc
751 3116 864 3175 totam
878 3102 1006 3175 seriem
1018 3101 1188 3201 passionis

123 3219 197 3318 ejus
208 3217 301 3292 libet
312 3218 462 3292 solerter
474 3220 617 3305 rimari,
633 3234 669 3292 et
682 3245 725 3292 ex
738 3220 895 3320 antiquis
911 3216 1092 3292 codicibus
1106 3217 1188 3289 huic

121 3351 259 3410 nostrae
276 3334 434 3410 breviter
450 3338 606 3410 inserere
622 3337 834 3411 narrationi.

172 3451 286 3525 lndiae
316 3468 386 3526 tres
414 3479 486 3527 esse
511 3451 556 3525 ab
580 3451 874 3553 historiographis
899 3466 1120 3535 asseruntur,
1151 3450 1188 3520 in

123 3568 257 3672 quibus
285 3570 478 3644 traduntur
499 3570 607 3644 fuisse
630 3569 848 3670 oppidorum
872 3572 1029 3670 quinque
1053 3564 1185 3652 millia,

124 3686 346 3789 populorum
374 3713 461 3761 vero
485 3713 617 3760 novem
640 3687 751 3759 millia
778 3689 848 3784 (1).
875 3687 992 3759 Prima
1019 3681 1118 3755 India
1143 3681 1186 3753 ad

158 4005 199 4076 (ι)
218 4002 266 4059 On
279 4021 315 4057 ne
328 4014 395 4077 peut
407 4003 496 4058 croire
508 4002 677 4077 qu'Orderic
690 4001 766 4060 Vita}
779 4003 819 4054 ait
831 3999 913 4055 vonlu
927 3997 1018 4070 placer
1030 3998 1100 4052 neus
1113 3997 1188 4052 mille

124 4095 268 4150 habitants
279 4093 432 4151 seulement
443 4093 511 4149 daus
522 4113 578 4149 une
594 4095 706 4148 contr-oe
719 4092 768 4165 qui
781 4093 872 4146 aurait
886 4088 1023 4145 renferme
1037 4088 1102 4163 cinq
1113 4088 1188 4144 mille

126 4182 213 4240 villes.
226 4182 306 4241 s‘tla
321 4181 444 4239 enteudu
463 4181 554 4256 parler
571 4179 692 4237 densus
708 4178 784 4237 mille
799 4177 922 4248 nutious,
940 4176 1134 4251 l'exagdratiou
1153 4195 1188 4233 ne

205 4301 229 4345 l·
998 4293 1038 4339 21
