2894 4958
186 366 247 426 232
461 360 645 421 HISTORIA
665 357 971 420 Ecctfflastlcr.

185 498 269 584 post
284 479 362 554 haec
377 477 510 557 Gabala
527 480 630 554 etsie
654 478 877 567 Laodiciam,
895 476 1019 580 ibique
1038 477 1166 552 decem
1179 477 1252 569 die·

186 601 256 676 bus
282 615 483 674 remoratus
510 613 584 687 est;
610 613 647 671 et
672 597 876 698 recognitio
889 594 1022 679 ,matris
1030 646 1044 689 ,
1069 594 1254 697 uiamque

188 716 348 791 liliorum
361 714 578 808 Clementis,
597 714 757 788 Faustini
776 731 813 787 et
830 713 949 787 Fausti
965 711 1060 785 facta
1072 727 1141 786 est.
1158 713 1254 814 Cog-

187 833 258 906 niti
279 832 413 934 gemini
439 831 645 907 retulerunt
670 829 770 932 quod
786 846 870 930 post
892 825 1143 933 nuulngium,
1169 826 1256 901 dum

188 950 330 1033 cuidam
356 949 563 1050 fragmento
587 947 792 1022 tabularum
819 946 999 1022 haerentes
1022 971 1089 1046 per
1112 944 1256 1046 pelagus

182 1072 420 1166 jactarentur,
438 1068 566 1166 piratae
584 1065 665 1140 illos
678 1080 909 1165 repererunt,
927 1064 1257 1166 impositosquena

188 1183 316 1258 viculae
335 1210 408 1256 suae
424 1182 621 1257 Caesaream
638 1182 817 1256 Stratonis
832 1181 1113 1282 perduxerunt,
1126 1204 1257 1281 eosque

187 1303 278 1391 illic,
289 1302 435 1375 mutatis
446 1300 657 1375 nominibus
670 1301 832 1391 illorum,
839 1305 948 1401 justae
958 1299 1099 1374 cuidam
1110 1298 1257 1374 semime

189 1418 451 1507 vendiderunt3
485 1445 568 1520 quae
598 1419 680 1494 loco
708 1418 870 1494 filiorum
899 1418 1042 1494 eosdem
1071 1418 1256 1507 educavit,

189 1537 319 1610 litteris
335 1534 545 1609 liberalibus
562 1562 603 1608 ac
617 1537 744 1638 graecis
765 1536 900 1610 erudiri
918 1535 1026 1625 fecit,
1046 1533 1259 1637 adultosque

189 1649 491 1752 philosophorum
504 1650 630 1723 studiis
647 1649 808 1743 tradidit.

240 1771 405 1870 Cumque
415 1770 543 1845 Petrus
556 1769 734 1844 laodiciae
752 1786 969 1857 moraretur,
988 1767 1169 1872 bonisque
1183 1782 1261 1842 stu-

191 1886 259 1960 diis
273 1887 381 1961 solito
399 1913 502 1962 more
515 1887 652 1987 jugiter
668 1902 920 1987 occuparetur,
939 1887 1262 1959 Faustinianus-se·

191 2030 282 2092 nex,
311 2001 438 2075 habitu
460 2030 610 2105 pauper,
635 2003 679 2076 ad
705 2030 788 2077 eum
814 2004 979 2094 accessit,
1004 2020 1042 2077 et
1064 2002 1262 2102 disceptare

193 2118 308 2218 coepit
320 2117 419 2220 quod
431 2146 551 2219 neque
564 2120 662 2193 Deus
677 2134 747 2210 est,
763 2144 881 2221 neque
893 2120 1031 2209 cultus,
1047 2144 1167 2220 neque
1182 2142 1263 2218 pro

192 2235 349 2310 videntia
363 2237 399 2310 in
411 2235 568 2326 mundo,
584 2237 645 2311 sed
655 2237 830 2312 fortuitus
842 2264 942 2311 casus
953 2252 991 2312 et
1000 2237 1139 2339 genesis
1150 2251 1264 2337 agunt

192 2351 328 2424 omnia.
351 2352 486 2426 Contra
509 2379 618 2454 quem
642 2370 715 2427 tres
736 2352 801 2426 lilii
824 2355 916 2452 ejus,
940 2378 1031 2454 quos
1050 2350 1263 2425 adhuc-non

194 2466 454 2567 cognoscebat,
477 2496 543 2569 per
561 2468 723 2543 triduum
740 2469 907 2544 audiente
919 2469 1058 2570 populo
1074 2469 1265 2571 insigniter

195 2580 442 2677 obstiterunt,
461 2603 498 2660 et
522 2587 560 2660 in
584 2588 656 2660 suis
677 2589 858 2689 responsis
878 2585 1071 2687 multiplici
1096 2585 1266 2688 dogmate

194 2700 375 2777 auditores
392 2703 655 2780 instruxerunt.

244 2819 367 2894 Primo
385 2821 444 2895 die
461 2823 590 2895 Niceta
606 2824 786 2924 sapienter
802 2822 967 2924 allegavit
982 2821 1082 2924 quod
1098 2846 1197 2895 unus
1212 2832 1268 2895 est

194 2938 290 3014 Deus
306 2941 428 3014 omnia
445 2956 591 3031 tenens,
613 2957 650 3016 et
669 2942 846 3015 mundum
862 2941 968 3030 fecit,
988 2967 1122 3040 suaque
1137 2939 1267 3040 provi-

196 3054 514 3156 dentiagubernat,
521 3058 1162 3159 justusDeus,unicuiquesecundum
1169 3071 1267 3158 gesta

196 3196 256 3243 sua
275 3168 493 3270 quandoque
504 3172 722 3245 redditurus.
744 3174 923 3260 Secundo,
940 3172 1069 3274 Aquila
1086 3170 1269 3272 eloquen-

197 3303 254 3363 ter
274 3284 440 3359 disseruit
463 3286 561 3386 quod
576 3291 693 3387 justus
713 3288 809 3363 Deus
831 3290 954 3362 omnia
972 3292 1068 3390 juste
1088 3286 1265 3387 disponit.

198 3403 346 3491 Terti0,
362 3401 527 3476 Clemens
540 3403 585 3478 de
598 3406 740 3480 ratione
754 3407 893 3507 genesis
907 3405 965 3506 (ι)
982 3403 1267 3505 disputationem

195 3520 301 3607 fecit,
321 3534 447 3590 utrum
465 3519 586 3591 omnia
608 3546 651 3594 cx
668 3548 710 3594 ea
727 3520 877 3610 fierent,
896 3548 942 3593 an
964 3534 1054 3594 esset
1072 3517 1212 3620 aliquid
1227 3518 1265 3591 in

197 3634 303 3709 nobis
325 3633 423 3739 quod
445 3661 521 3709 non
546 3639 702 3736 genesis,
727 3637 787 3712 sed
803 3640 869 3712 Dei
882 3635 1062 3737 judicium
1079 3636 1138 3736 (2)
1159 3662 1267 3738 gere-

228 3890 268 3960 (1)
285 3888 420 3945 Genesis:
435 3892 697 3964 gemtum,satm,
713 3894 891 3967 horoscopus.
907 3895 977 3949 Duc.
994 3895 1088 3951 Gloss.

229 3980 269 4052 (a)
286 3978 363 4033 Nous
375 3996 493 4051 pensons
504 3980 590 4054 qu‘on
600 3981 661 4068 doit
671 3983 723 4038 lire
738 3984 884 4055 indicium,
900 3985 1036 4059 quoiqu’il
1048 4004 1067 4057 y
1079 3984 1119 4040 ait
1127 3982 1266 4058 Jueb'cium

193 4066 262 4121 dans
274 4064 300 4122 le
313 4067 465 4123 manuscrit
478 4067 513 4123 de
525 4068 744 4126 Salat-Erronlt.
