2916 4958
193 378 276 438 uo⁴
468 346 652 437 ursroau
674 372 977 440 ncctnsusrrcl.

191 512 340 571 narretur
348 550 358 586 ,
387 495 510 569 beatus
533 523 622 595 papa
645 521 822 596 egressus,
845 497 977 570 milites
999 511 1035 570 et
1058 498 1260 598 populum,

191 614 254 714 qui
269 639 337 712 pro
356 612 418 686 illo
432 630 684 700 cucurrerant,
701 611 900 686 honorifice
911 615 1084 712 suscepit,
1100 617 1263 717 datoque

192 731 290 801 suavi
308 753 501 827 responso,
520 754 645 801 eorum
667 727 775 800 corda
796 727 929 800 linivit.
950 729 1005 801 llli
1022 746 1163 820 autem,
1184 733 1262 808 zelo

191 844 256 917 Dei
273 857 309 916 et
330 869 453 917 amore
475 840 639 941 praesulis
660 842 815 930 accensi,
839 868 858 914 a
875 843 1080 942 patriarchii
1099 846 1261 919 custodia

191 984 268 1032 non
286 975 528 1045 recesserunt,
547 981 735 1057 quousque
751 957 1024 1032 denominatum
1037 960 1261 1058 spatharium

192 1103 274 1149 cum
293 1076 432 1176 injuriis
452 1073 498 1147 ab
520 1072 610 1148 urbe
625 1074 857 1175 depellerent.
873 1077 988 1150 Porro
1006 1079 1052 1165 is,
1074 1080 1138 1178 qui
1156 1079 1262 1152 illum

191 1193 355 1282 miserat,
384 1193 461 1291 ipso
486 1193 523 1265 in
546 1207 709 1290 tempore
731 1192 888 1267 Domino
913 1191 1156 1282 retribuente,
1178 1199 1261 1294 jure

190 1335 304 1410 regno
326 1310 487 1408 privatus
508 1324 583 1398 est,
602 1325 638 1382 et
654 1310 812 1383 Ecclesia
830 1311 896 1384 Dei
921 1337 1004 1384 cum
1023 1336 1089 1384 suo
1106 1314 1263 1412 praesulc

192 1425 402 1513 incolumis,
429 1423 573 1498 Christo
596 1424 761 1513 favente,
790 1441 997 1500 conservata
1019 1442 1084 1501 est.
1116 1429 1262 1529 ,Sergius

191 1566 280 1639 papa
294 1541 332 1613 in
345 1541 499 1613 sacrario
511 1541 623 1612 sancti
636 1542 733 1614 Petri
747 1542 784 1614 in
801 1567 902 1640 capsa
915 1558 1080 1642 argentea
1093 1569 1262 1644 magnam

191 1658 399 1756 portionem
422 1672 552 1730 sanctae
577 1657 720 1750 Crucis,
742 1661 818 1732 Deo
835 1673 1079 1750 monstrante,
1101 1663 1259 1758 reperit,

192 1791 229 1847 et
246 1775 283 1846 in
300 1773 357 1848 die
374 1774 598 1847 exaltationis
618 1773 774 1874 ejusdem
795 1803 814 1847 a
836 1776 972 1874 populo
988 1775 1139 1875 singulis
1158 1779 1262 1858 annis

192 1889 333 1966 adorari
348 1891 548 1964 constituit.
563 1892 629 1964 Hic
640 1891 898 1965 confractionis
910 1909 1073 1992 tempore
1086 1890 1262 1966 dominici

193 2010 377 2107 corporis,
407 2011 539 2109 Agnus
560 2009 636 2080 Dei
660 2036 679 2081 a
703 2009 801 2082 clero
825 2027 861 2082 et
882 2010 1019 2108 populo
1040 2026 1096 2084 ter
1125 2012 1263 2083 cantari

192 2128 331 2200 statuit.
351 2129 565 2200 Damianum
580 2154 666 2201 vero
683 2128 864 2202 Ravennae
880 2127 1191 2228 archiepiscopum
1200 2184 1212 2220 ,
1228 2144 1264 2204 ct

192 2241 421 2316 Bertoaldum
443 2242 681 2317 Doroberniae
697 2243 1021 2344 archiepiscopum,
1040 2260 1077 2318 et
1093 2246 1264 2321 Clemen-

195 2375 270 2434 tem
287 2359 584 2436 Guillebrordum
597 2362 633 2434 in
649 2377 756 2461 gente
771 2364 984 2437 Fresionum
993 2417 1005 2451 ,
1024 2363 1186 2464 aliosque
1201 2389 1265 2463 per

194 2477 349 2549 diversas
367 2479 569 2576 provincias
594 2479 778 2579 episcopos
800 2502 903 2553 xcvu
925 2477 1118 2553 ordinavit.
1140 2482 1182 2552 ln
1202 2477 1265 2551 ba-

195 2595 292 2668 silica
307 2594 401 2669 beati
417 2596 514 2669 Petri
524 2596 684 2695 ‘apostoli
703 2614 758 2672 vt⁰
779 2596 856 2671 idus
877 2595 1087 2695 septembris
1105 2596 1265 2695 sepultus

196 2728 271 2802 est,
303 2711 369 2784 sub
402 2712 550 2787 Tiberio
578 2715 769 2814 Augusto,
800 2730 836 2789 et
865 2713 1011 2787 cessavit
1039 2713 1265 2814 episcopatus

164 2899 167 2903 .
195 2855 317 2903 mense
333 2856 427 2919 uno,
445 2829 570 2904 diebus
588 2831 665 2929 xx(
691 2831 721 2930 ).
1068 2830 1070 2835 ’

230 3155 272 3225 (ι)
289 3152 333 3226 (15
347 3154 493 3210 decembre
510 3153 598 3229 687-(3
617 3155 772 3228 septembre
789 3155 864 3230 7⁰¹·)
878 3154 1051 3210 Panormum
1068 3165 1111 3209 est
1129 3154 1264 3222 Palerme,

196 3245 242 3300 Au
250 3244 307 3300 lieu
316 3245 351 3299 de
361 3245 524 3314 Plautinus,
540 3243 604 3298 lisez
616 3245 733 3318 Platyn.
744 3244 820 3299 Nous
831 3254 995 3299 retrouvons
1009 3244 1044 3298 ici
1056 3262 1095 3298 un
1105 3249 1266 3318 magistratr-

196 3355 261 3390 nus.
277 3336 370 3407 Voyez
381 3333 532 3404 ci·dessus,
547 3353 575 3407 p.
591 3331 652 3390 258.
667 3335 705 3388 La
722 3351 827 3388 somme
843 3351 984 3389 convenue
996 3343 1075 3388 entre
1088 3333 1228 3408 l’exarqne
1240 3345 1268 3389 et

196 3423 290 3478 Pascal
306 3424 385 3493 (cent
397 3421 478 3477 livres
491 3422 567 3496 d'or)
580 3423 678 3477 n'avait
690 3441 737 3496 pas
749 3425 794 3477 ete
807 3422 904 3490 livree,
925 3423 993 3476 mais
1007 3422 1137 3494 promise.
1152 3421 1267 3494 Sergius

196 3510 241 3566 l'ut
251 3511 390 3565 contraint
401 3508 436 3566 de
449 3509 475 3566 la
488 3529 578 3583 payer.
597 3513 634 3566 Le
648 3510 753 3566 concile
770 3513 799 3569 in
817 3511 914 3571 Trullo
927 3520 977 3566 eut
987 3509 1044 3564 lieu
1056 3527 1092 3564 en
1104 3508 1168 3583 691,
1186 3521 1215 3565 et
1227 3527 1267 3566 ses

196 3611 268 3654 actes
284 3598 379 3653 surent
397 3600 526 3653 souscrits
543 3618 592 3672 par
610 3599 683 3665 deux
696 3609 760 3654 cent
777 3617 844 3672 onze
857 3599 983 3675 eveqnes.
1003 3598 1077 3653 C'est
1092 3616 1129 3651 en
1148 3596 1201 3672 692
1215 3616 1268 3672 que

196 3689 362 3762 l’empcreur
373 3687 411 3742 les
421 3707 523 3762 envoya
534 3708 568 3743 an
580 3709 663 3763 pape,
677 3689 726 3763 qui
739 3708 774 3744 ne
787 3689 887 3763 daigna
900 3707 947 3762 pas
960 3687 1050 3743 meme
1061 3686 1100 3741 les
1112 3686 1181 3755 lire,
1195 3698 1225 3742 et
1233 3706 1268 3741 en

197 3775 249 3849 693
259 3795 313 3849 que
324 3776 350 3830 le
364 3777 584 3849 protospathairc
598 3777 732 3832 Zacharie
744 3777 803 3832 vint
815 3780 830 3831 t
840 3777 930 3831 Rome
943 3794 1015 3848 pour
1028 3793 1064 3829 en
1079 3773 1192 3829 enlever
1203 3775 1268 3829 Ser-

198 3866 269 3937 gius.
280 3866 359 3919 Cette
366 3866 519 3938 entreprise
530 3886 564 3921 ne
573 3868 672 3922 reussit
679 3884 736 3941 pas,
748 3866 824 3935 mais,
835 3865 901 3940 quoi
911 3864 993 3939 qu'en
1000 3863 1058 3918 dise
1068 3872 1150 3917 notre
1159 3872 1267 3929 auteur,

197 3954 218 4011 il
241 3954 316 4007 subit
334 3973 373 4008 un
391 3953 444 4009 exil
464 3955 499 4010 de
522 3967 582 4029 sept
602 3975 667 4021 ans,
688 3973 795 4011 comme
814 3955 897 4021 onle
919 3953 976 4007 voit
997 3969 1116 4025 parson
1137 3952 1270 4025 epitapbe

197 4042 343 4114 (Aringhi,
356 4060 378 4109 r,
391 4061 416 4114 p.
434 4042 503 4114 165).
517 4045 572 4100 Sur
580 4045 605 4100 la
617 4045 780 4100 decouverte
790 4044 874 4099 d’une
885 4042 998 4116 portion
1011 4040 1046 4094 de
1057 4039 1083 4093 la
1093 4039 1169 4094 vraie
1178 4040 1268 4108 croix,

197 4150 279 4205 noyer
289 4129 437 4199 ci-dessus,
452 4133 470 4186 l.
489 4151 511 4201 ι,
528 4153 555 4205 ρ.
572 4134 635 4204 ι46,
652 4145 680 4191 et
693 4154 741 4192 sur
754 4136 825 4191 saint
837 4131 1005 4200 Willibrod,
1019 4129 1098 4198 ibid,
1112 4148 1140 4203 p.
1158 4128 1218 4201 145.
1231 4130 1270 4198 ee
