2916 4958
555 448 672 512 LIBER
692 445 901 511 SECUNDUS.
1207 455 1267 513 279

195 573 310 647 vertit.
331 571 436 642 Tunc
460 584 603 641 sanctus
631 569 698 641 Ilei·
717 570 768 641 ait
796 569 839 640 ad
859 594 941 642 enm
968 599 977 639 ε
1003 567 1111 642 Abde
1134 588 1265 670 caput,

183 692 358 788 fintene,
387 684 489 786 quod
514 688 664 759 erexisti
690 686 738 758 ab
767 688 872 760 initio
899 685 954 758 ad
979 712 1102 759 necem
1126 691 1269 787 generis

192 807 374 893 'humanm
394 819 430 876 et
450 791 566 877 subde
585 821 619 877 te
628 803 791 900 sareulis
806 804 881 876 Dei
902 830 950 876 ae
966 829 1116 877 morere.
1139 804 1268 875 Statim

197 948 344 1022 serpens
366 947 509 1020 gravem
535 921 696 1020 rugitum
721 922 857 1009 emisit,
885 946 1058 1022 quercum
1081 947 1267 1022 magnam,

197 1065 283 1141 quac
308 1037 513 1137 propinqua
538 1052 633 1123 erat,
661 1036 915 1125 circumdedit,
940 1052 979 1112 et
1004 1063 1041 1111 se
1068 1038 1160 1110 circa
1192 1064 1270 1112 eam

195 1155 389 1256 «ibligine
415 1160 657 1255 evomensque
678 1155 797 1227 rivum
815 1155 944 1228 veneni
969 1180 1052 1227 cum
1077 1155 1269 1256 sanguine,

197 1272 386 1374 expiravit.
409 1271 546 1346 Deinde
561 1271 745 1369 apostolus
766 1269 811 1366 cd
830 1269 1010 1371 praedium
1025 1270 1206 1360 mulieris,
1231 1272 1268 1343 in

196 1414 275 1492 qpo
292 1389 479 1488 parvulus,
497 1415 606 1490 quem
623 1414 768 1488 serpens
785 1387 1009 1487 perculerat,
1031 1403 1197 1461 mortuus
1213 1389 1272 1463 de·

200 1503 374 1594 cnbabct,
395 1505 579 1603 pervenit3
595 1519 632 1578 et
643 1520 810 1604 parentes
826 1507 921 1603 ejus,
943 1519 985 1576 ut
1002 1502 1273 1587 interfectorem

199 1620 267 1696 filii
290 1623 345 1694 sui
369 1636 557 1694 mortuum
581 1620 767 1710 viderent,
790 1621 901 1693 misit.
929 1621 1003 1693 lllis
1027 1646 1115 1695 vero
1136 1620 1271 1696 abeun-

200 1740 320 1829 tibus,
351 1738 456 1812 uxori
484 1739 710 1838 proconsulis
733 1737 828 1810 dixit
852 1737 1035 1836 apostolus
1060 1769 1070 1810 ε
1103 1738 1216 1812 Vade
1241 1756 1276 1811 et

198 1859 338 1930 surita
348 1882 521 1956 puerum.
540 1863 587 1927 At
606 1854 667 1927 illa
686 1852 777 1928 nibil
797 1850 987 1942 dubitans,
1006 1855 1107 1927 venit
1124 1852 1168 1927 ad
1190 1879 1274 1928 cor-

199 1999 288 2073 pns,
308 1987 346 2046 et
363 1973 415 2044 sit
439 2003 448 2044 ι
472 1973 521 2045 ln
538 1977 685 2048 nomme
706 1973 780 2044 Der'
800 1977 870 2044 mci
894 1971 987 2044 Iesu
1008 1971 1146 2045 Christi
1165 1999 1274 2073 surge

201 2089 408 2163 incolumis.
432 2089 496 2163 llle
525 2115 612 2163 vero
638 2089 807 2188 protinus
826 2088 1005 2176 surrexit,
1030 2089 1170 2162 cunctis
1193 2115 1276 2190 gau-

199 2205 389 2295 dentibus,
414 2206 563 2307 Deoque
582 2206 714 2305 gratias
740 2203 942 2306 agentibus.
970 2206 1142 2306 Sequenti
1167 2223 1276 2280 nocte

200 2324 327 2396 beatus
342 2321 506 2397 Andreas
522 2325 671 2396 Petrum
691 2337 727 2396 et
746 2323 925 2395 Joannem
945 2322 1036 2394 vidit
1059 2322 1099 2394 in
1115 2322 1273 2410 visione,

203 2439 242 2513 in
266 2464 336 2538 qua
360 2437 560 2512 revelatum
578 2454 630 2511 est
646 2438 679 2511 ci
703 2436 802 2540 quod
820 2437 929 2538 paulo
944 2453 1029 2537 post
1045 2436 1219 2538 penderet
1236 2439 1273 2511 in

202 2582 331 2646 cruoe,
347 2556 620 2657 [luminumque
635 2558 757 2629 lesum
770 2573 956 2630 secuturus
969 2570 1061 2629 esset
1072 2557 1188 2628 crucis
1198 2582 1276 2656 pas·

202 2675 317 2748 siorrc
336 2674 479 2747 Fratres
495 2690 615 2747 autem
632 2673 863 2762 convocavit,
879 2675 1146 2748 enarrationem
1162 2674 1276 2748 visio-

202 2791 261 2863 nis
277 2789 499 2889 explanavit,
520 2806 556 2863 et
577 2815 648 2889 pro
671 2789 777 2864 celeri
801 2791 1016 2891 migratione
1040 2792 1094 2863 sni
1114 2790 1280 2891 lugentes

203 2906 444 2996 confortavit,
471 2924 508 2981 et
528 2935 595 3007 per
608 2909 773 3009 quinque
791 2906 866 2981 dies
885 2907 1080 2982 salubriter
1097 2908 1273 2998 erudivit,

201 3025 443 3126 precibusque
460 3027 529 3126 piis
549 3025 719 3100 Fetclecioe
735 3052 880 3128 gregem
902 3026 977 3100 Deo
993 3026 1272 3100 commendavit.

203 3142 293 3217 inde
308 3140 598 3217 Thessalonicam
613 3143 800 3242 proiectus
818 3146 898 3241 est(
924 3143 956 3242 ).

254 3259 395 3332 lisbius
415 3259 611 3360 proconsul
626 3260 693 3334 viae
708 3260 774 3334 Dei
795 3261 959 3335 resistere
973 3277 1125 3335 conatus
1146 3276 1218 3349 est,
1238 3276 1274 3334 et

203 3374 381 3449 militibus
400 3375 584 3450 multoties
605 3376 720 3448 missis
739 3390 781 3447 ut
797 3374 978 3449 Andream
994 3373 1274 3474 comprehende·
1335 3418 1344 3427 ·

204 3506 309 3583 rent,
323 3489 543 3566 detestabilis
557 3493 673 3593 impos
685 3493 762 3566 voti
776 3493 922 3567 effectus
933 3507 999 3566 est.
1019 3491 1180 3566 Tandem
1191 3518 1277 3593 apo-

204 3607 302 3683 stolo
322 3607 556 3698 adveniente,
579 3635 599 3681 a
619 3606 762 3682 duobus
782 3606 1008 3693 daemonibus
1030 3607 1149 3709 llagris
1166 3634 1277 3682 caesus

205 3739 272 3797 est.
298 3722 404 3797 Unde
425 3724 679 3824 postmodum,
704 3724 769 3798 Dei
787 3724 906 3796 virum
921 3725 1135 3813 accersiens,
1154 3751 1277 3799 coram

237 4042 280 4112 (ι)
299 4041 387 4098 Notre
405 4053 504 4099 antem
521 4063 538 4098 a
555 4043 649 4100 cubile
667 4045 804 4118 d'ajouter
823 4062 878 4120 que
897 4045 933 4101 de
952 4045 1186 4122 Thessaloniqne,
1206 4051 1277 4106 saint

204 4129 303 4231 hdoe'
324 4148 353 4186 ae
375 4131 468 4188 rendit
488 4136 504 4188 ἰ
527 4134 635 4204 Patras,
659 4136 696 4190 od
719 4145 785 4192 vont
807 4153 835 4192 se
855 4153 948 4210 paster
968 4135 1008 4192 tes
1029 4138 1206 4196 &ments
1227 4143 1276 4214 qni

205 4231 326 4281 surrent.
