2916 4958
194 452 256 513 306
293 400 296 408 Ι
470 448 654 510 nlstouta
674 448 980 512 accamanus.

242 569 339 646 Vlll.
365 568 522 644 Thomas
543 569 718 670 abyssus,
743 586 781 645 et
801 572 978 674 Didymus
1004 573 1260 674 interpretatur

190 691 374 791 gorinus,
390 688 475 789 quia
486 688 660 762 Salvatori
675 688 800 762 similis
809 703 864 765 est
878 688 1067 764 redimitus
1078 691 1260 767 multimo-

193 808 247 884 dis
262 808 441 881 virtutum
458 805 743 881 charismatibus.
760 809 829 882 llic
842 807 1079 909 Evangelium
1091 809 1262 910 predica-

192 924 246 997 vit
257 921 397 996 Parthis
414 939 450 998 et
466 921 603 1012 Medis,
621 923 785 996 llircanis
803 938 841 998 et
858 925 994 1015 Persis,
1012 926 1212 1000 Bactrianis
1228 936 1263 1001 et
1293 1019 1297 1030 ᾖ

192 1039 313 1128 Indis,
346 1066 386 1112 ac
417 1044 633 1140 martyrium
667 1038 706 1118 in
741 1039 923 1113 Calamina
957 1041 1105 1115 ciuitate
1137 1042 1177 1117 in
1208 1042 1264 1118 die

194 1171 261 1229 xre
279 1151 352 1228 kat.
366 1155 523 1255 januarii
549 1154 617 1229 auh
639 1153 784 1231 Mesdeo
808 1179 892 1257 rege
916 1159 1202 1247 consummavit;
1228 1174 1263 1233 et

192 1299 268 1348 non
282 1272 400 1346 multo
411 1286 494 1371 post
508 1271 590 1348 inde
603 1271 825 1348 adEdessam
838 1271 969 1347 urbem
980 1275 1107 1348 miultis
1117 1274 1265 1349 mirabi-

193 1387 287 1462 lihus
304 1388 517 1477 coruscavit.

241 1507 283 1579 ln
297 1504 534 1581 relationibus
544 1503 589 1580 de
605 1505 776 1605 apostolis
788 1506 903 1580 sumta
919 1506 1106 1582 diversitas
1122 1525 1179 1582 est
1190 1524 1263 1583 tam

192 1650 261 1724 pro
277 1624 494 1725 antiquitate
512 1625 703 1724 temporis,
717 1646 827 1724 quam
839 1651 909 1725 pro
922 1626 1192 1728 longinquitate
1203 1655 1264 1702 re-

191 1743 342 1844 gionum
372 1741 435 1815 uhi
460 1742 629 1842 agricolae
653 1741 787 1815 Christi
813 1741 1106 1841 praedicaverunt
1130 1742 1265 1818 harha·

191 1860 260 1948 ris,
276 1859 340 1959 qui
353 1859 495 1933 dissona
511 1855 677 1932 barbarie
695 1883 756 1931 sua
772 1857 873 1932 valde
887 1857 1122 1958 discrepante
1136 1861 1265 1934 Roma·

192 2002 326 2051 norum
340 1974 471 2050 ritihus
487 1992 524 2051 et
541 2002 609 2049 usu
625 1975 834 2051 locutionis.
848 1975 953 2053 Unde
970 1978 1008 2050 in
1027 1975 1264 2078 quibusdam,

191 2103 273 2193 qum
288 2094 333 2168 de
346 2095 478 2168 sanctia
493 2090 668 2192 apostolis
679 2093 831 2194 legimus
840 2146 852 2184 ,
866 2096 1042 2196 quoniam
1054 2095 1101 2169 ah
1118 2097 1263 2172 incertis

191 2210 285 2287 edita
315 2227 401 2284 sunt
426 2208 636 2284 auctoribus
664 2226 703 2283 et
728 2237 841 2310 usque
866 2212 911 2284 ad
936 2238 1003 2286 nos
1030 2215 1262 2300 transmissa,

191 2324 417 2412 dubitamus;
441 2325 644 2424 praesertim
666 2340 750 2398 cum
773 2338 792 2397 a
816 2324 958 2400 Gelasio
981 2352 1092 2427 papa,
1118 2327 1266 2428 aliisque

192 2442 330 2542 magnis
348 2439 553 2541 apocrypha
573 2456 780 2540 nuncupata
802 2441 877 2515 sint
900 2441 1126 2518 doctoribus.
1139 2448 1265 2558 ..Egre-

192 2559 270 2659 gius
282 2578 428 2659 quoque
439 2555 606 2656 pontifex
618 2555 840 2657 Augustinus
853 2558 891 2633 in
905 2556 1112 2658 hujusmodi
1122 2562 1265 2662 scriptis

192 2673 389 2763 dubitavit,
408 2690 446 2749 et
464 2699 548 2747 eum
569 2673 781 2747 meticulosa
800 2674 1075 2774 scrupulositate
1090 2677 1136 2752 de
1153 2678 1264 2752 sancti

195 2793 348 2868 Thomas
369 2793 477 2894 gestis
495 2807 623 2870 contra
639 2793 813 2867 Faustum
829 2791 1070 2867 manicharum
1087 2795 1266 2896 quoddam

195 2911 400 3011 exemplum
417 2908 574 3010 protulit
597 2908 668 3008 (a).
694 2909 773 2985 Hoc
790 2908 872 2983 ideo
889 2909 964 2982 dixi
985 2910 1030 2984 de
1049 2910 1267 2989 dissonantia

194 3030 435 3128 scriptorum,
453 3053 537 3126 quae
548 3052 614 3126 per
629 3023 758 3099 orbem
771 3027 901 3124 passim
914 3029 1098 3127 reperitur
1110 3030 1151 3103 in
1167 3027 1267 3105 volu·

196 3144 356 3221 minibus
373 3145 632 3244 antiquorum,
648 3169 724 3218 non
743 3158 785 3216 ut
799 3143 969 3247 derogem
988 3145 1164 3221 mirandis
1178 3172 1266 3247 ope·

195 3261 296 3334 ribus
319 3276 546 3348 sanctorum
570 3259 632 3335 sed
648 3274 690 3335 nt
705 3286 946 3362 queomque
967 3265 1100 3362 scripta
1120 3281 1209 3338 sunt
1223 3264 1266 3338 de

178 3380 388 3478 apostolis,
408 3378 529 3452 aliisve
546 3377 678 3468 beatis,
699 3379 818 3454 studio
840 3382 1027 3479 priorum,
1043 3408 1127 3455 cum
1146 3381 1266 3454 subtili

199 3497 335 3570 cautela
358 3495 571 3569 discutiatur
588 3496 632 3568 ad
656 3496 738 3572 fidei
760 3498 1031 3573 munimentum
1053 3517 1090 3574 et
1113 3498 1268 3573 aedifica-

199 3615 336 3687 tionem
349 3635 508 3686 morum.
522 3613 629 3685 Nunc
639 3615 678 3685 in
691 3616 840 3688 nomine
851 3617 1002 3690 Domini
1014 3614 1176 3690 breviter
1188 3642 1269 3717 pto·

198 3757 326 3831 sequar
336 3730 600 3819 narrationem,
611 3757 694 3831 quae
705 3731 816 3804 sancti
832 3728 985 3807 'rhomae
992 3732 1149 3832 apostoli
1159 3730 1268 3806 refert

198 3842 424 3919 fructiferam
442 3845 789 3944 peregrinationem,
807 3843 949 3920 felicem
965 3862 1003 3920 et
1017 3845 1214 3946 gloriosam
1225 3842 1268 3917 de

234 4222 242 4285 l
250 4223 272 4288 t)
294 4219 391 4272 Sancti
404 4217 560 4288 Augustini
571 4229 669 4273 contra
682 4218 819 4274 Faustum
834 4220 1033 4291 manicharum,
1047 4238 1116 4290 txtt,
1134 4237 1180 4295 79.
