2916 4958
873 338 893 377 ο

196 432 256 491 276
469 427 979 493 uts'rotttt-Ecctustts'rtcs.

194 549 316 622 amicis
331 546 464 621 deferri
480 547 589 640 fecit,
614 562 855 650 eventumque
879 552 931 624 rei
952 553 1118 652 npostcio
1136 582 1257 630 rsnrrsd

194 666 260 737 vit.
286 662 349 736 ltte
369 677 490 736 autem
515 661 560 735 ad
585 661 764 763 populum
781 688 996 756 conversus,
1019 668 1071 740 ait
1095 700 1104 741 ε
1134 669 1257 745 Osiri

196 779 558 870 thesalonicenses,
590 779 683 879 quid
704 780 872 882 proderit
899 783 1020 874 uobis,
1051 811 1139 859 cum
1167 790 1257 862 mira

182 900 274 1000 ficri
302 899 495 988 sideritis,
529 899 565 970 si
591 924 666 971 non
696 898 876 972 creditis?
904 901 1021 976 Porro
1050 903 1121 978 illis
1152 905 1255 1006 polli-

192 1015 358 1091 centibus
390 1014 489 1116 quod
520 1014 730 1104 crederent,
764 1017 843 1094 viso
873 1019 1070 1110 miraculo,
1099 1020 1255 1098 Andr-cns

193 1133 376 1235 apostolus
400 1132 493 1206 dixit
518 1131 693 1207 defuncto
717 1163 726 1204 ε
754 1135 804 1207 In
830 1127 976 1210 contine
1000 1139 1094 1212 Jesu
1124 1140 1256 1216 Christi

193 1276 324 1347 surge,
337 1275 444 1350 puer.
465 1246 514 1319 At
532 1247 592 1322 ille
608 1249 731 1322 statim
747 1250 921 1343 surrexit,
942 1253 1171 1356 populusque
1185 1273 1255 1329 stu·

194 1364 354 1464 pesactus
376 1362 609 1463 sponsionem
629 1361 674 1438 de
697 1364 900 1465 recipienda
929 1365 999 1442 fide
1025 1367 1185 1444 fideliter
1203 1387 1254 1445 te·

196 1483 290 1556 nuit.

243 1597 376 1674 Medias
389 1597 626 1699 Philippensis
642 1625 712 1699 pro
730 1598 808 1675 filio
825 1616 1024 1703 oegrotsnte
1042 1626 1130 1677 cum
1147 1606 1256 1708 iacry-

194 1716 262 1788 mis
283 1714 487 1814 apostolum
513 1714 671 1815 rogavit,
700 1719 801 1815 cujus
826 1742 949 1816 preces
972 1718 1182 1794 mitissimus
1207 1722 1256 1794 vir

194 1831 401 1934 benigniter
426 1832 601 1931 suscepit,
632 1847 668 1906 et
696 1831 966 1931 apprehendens
991 1860 1144 1908 menum
1168 1841 1254 1936 ejus,

193 1949 368 2050 Philippis
394 1950 471 2023 ivit.
496 1949 787 2051 ingredientibus
809 1966 955 2050 portam
978 1953 1135 2028 civitatis
1156 1981 1254 2030 senex

193 2069 371 2156 occurrit;
396 2083 433 2140 et
454 2092 524 2168 pro
538 2066 640 2156 filiis,
660 2091 752 2168 quos
770 2093 840 2167 pro
856 2067 960 2169 culpa
977 2069 1111 2144 Medius
1129 2071 1167 2145 in
1183 2098 1255 2147 cco

194 2213 274 2274 cere
291 2186 528 2273 cruciaverat,
550 2185 703 2285 rogavit.
722 2184 900 2259 Suadente
920 2186 1108 2286 apostolo,
1130 2189 1256 2264 Medius

195 2302 239 2375 ad
255 2302 360 2402 pedes
378 2304 453 2401 ejus
466 2300 642 2401 procidit,
663 2316 700 2375 et
715 2326 792 2375 non
805 2302 923 2376 solum
940 2303 1020 2379 illos
1036 2303 1130 2379 duos
1145 2305 1257 2382 obsol-

195 2421 269 2508 vit,
287 2416 348 2492 sed
366 2417 472 2492 etiam
493 2418 581 2491 alios
596 2432 753 2518 septem,
769 2446 837 2519 pro
859 2417 991 2522 quibus
1010 2448 1122 2498 nemo
1144 2424 1257 2526 ioque

195 2536 317 2624 batur,
337 2550 479 2607 tantum
491 2549 533 2607 ut
544 2533 640 2608 filius
652 2538 727 2634 ejus
740 2552 939 2610 sanaretur.
955 2535 1028 2611 [llis
1041 2538 1165 2642 itsque
1181 2540 1258 2616 libe

197 2654 297 2741 ratis,
312 2650 493 2752 apostolus
505 2649 749 2726 Philomedem
761 2652 816 2751 (1)
826 2653 981 2744 sanavit,
996 2656 1061 2756 qui
1072 2681 1153 2731 χιιι
1164 2659 1259 2733 annis

197 2770 316 2846 suerat
329 2767 469 2842 debilis.

246 2885 383 2963 Deinde
399 2883 637 2959 clamantibus
657 2885 802 2984 populis
824 2901 867 2958 ut
884 2888 956 2960 suis
977 2888 1087 2963 etiam
1103 2891 1260 2968 medete-

199 3024 261 3082 tur
285 3004 456 3093 infirmis,
483 3001 643 3076 Andreas
668 3001 852 3078 confidens
879 3005 916 3077 iu
940 3007 1119 3097 Domino,
1145 3026 1261 3085 sanato

198 3124 290 3199 dixit
312 3144 458 3222 puero:
488 3120 565 3192 Per
584 3119 713 3193 domos
735 3124 990 3218 aegrotantium
1014 3124 1134 3217 cade,
1167 3144 1202 3200 et
1226 3132 1259 3202 in

199 3243 345 3317 nomine
366 3245 452 3312 Iesu
484 3236 640 3326 Christi,
667 3242 705 3310 in
732 3261 805 3337 quo
829 3257 981 3314 sanatus
1003 3269 1063 3332 es,
1083 3245 1182 3344 jube
1204 3274 1260 3322 eos

200 3381 407 3457 exsurgere.
430 3353 480 3427 At
501 3353 561 3425 ille
579 3354 684 3452 jussis
705 3353 857 3453 apostoli
875 3357 1016 3455 paruit,
1038 3361 1261 3467 populusque

201 3476 325 3550 videns
348 3469 526 3546 mirabilia
544 3468 714 3560 credidit,
737 3486 774 3545 et
794 3472 959 3570 apostolo
982 3475 1096 3549 multa
1116 3504 1261 3556 munera

201 3589 354 3677 obtulit3
373 3585 434 3662 sed
450 3586 525 3686 ipse
540 3585 650 3686 gratis
668 3584 836 3660 omnibus
854 3587 1008 3662 verbum
1028 3591 1118 3666 vitoe
1134 3596 1262 3694 proedi·

203 3734 306 3797 cans,
327 3703 419 3780 nihil
437 3702 586 3802 recepit.
605 3700 732 3775 Filiam
744 3726 890 3803 quoque
907 3703 1045 3779 Nicolai
1055 3760 1067 3794 ,
1084 3734 1169 3810 quse
1187 3711 1264 3785 lan·

202 3824 351 3928 guebat,
371 3847 439 3922 pro
457 3847 527 3922 qua
541 3837 642 3920 pater
655 3818 767 3893 multe
784 3819 977 3911 offerebat,
994 3822 1132 3898 scilicet
1147 3853 1263 3902 carru·

240 4109 279 4178 (r)
297 4105 384 4159 Notre
396 4113 495 4158 auteur
508 4121 522 4157 s
535 4102 629 4157 onbiie
639 4101 675 4157 dc
687 4119 757 4158 nous
769 4102 871 4160 avertis
881 4120 936 4180 que
951 4104 1043 4161 c'etuit
1056 4105 1083 4162 ie
1095 4125 1162 4164 nom
1176 4108 1215 4164 du
1227 4108 1265 4163 titt

203 4198 238 4253 de
251 4194 365 4251 Medias.
