2894 4958
188 364 228 430 72
463 364 648 427 HISTORIA
669 358 970 427 ECCLESIASTICA.

182 491 307 591 perint
321 486 509 586 gladium,
527 484 660 586 gladio
671 485 855 588 peribunt.
877 488 939 556 An
948 499 1061 586 putas
1073 486 1164 585 quia
1180 508 1255 559 non

184 631 338 707 possum
357 630 488 703 rogare
503 604 654 690 Patrem
669 629 801 687 meum,
821 618 856 673 et
870 600 1053 674 exhibebit
1068 601 1162 674 mibi
1169 602 1255 703 plot

190 749 301 822 quom
315 745 367 793 xu
385 720 505 793 millia
521 720 680 821 legiones
694 717 934 817 angehrum?
955 718 1149 818 Quomodo
1167 744 1255 821 ergo

191 832 435 942 implebuntur
460 843 667 940 scripture,
699 840 788 937 quio
815 840 871 910 sie
896 854 1035 939 oportet
1050 836 1168 938 fieri?
1191 838 1255 911 His

190 955 309 1031 verbis
321 954 463 1058 adjungi
478 971 596 1056 potest
603 1010 614 1045 ,
628 953 728 1056 quod
745 955 849 1027 iilum
861 980 905 1029 eo
917 955 999 1029 loeo
1010 955 1140 1030 dixisse
1150 957 1257 1030 Josn·

190 1100 254 1147 nes
272 1087 557 1146 commemorat:
580 1071 763 1161 Calicem,
778 1098 884 1170 quem
894 1070 997 1143 dedit
1008 1071 1102 1144 milti
1120 1062 1252 1162 Potor,

191 1218 265 1265 non
289 1190 412 1263 bibam
435 1189 538 1262 illum
556 1186 639 1287 (1)?
663 1188 786 1276 Tune,
810 1188 902 1261 sicut
927 1190 1039 1261 Lucas
1059 1187 1169 1279 dicit,
1195 1214 1258 1262 au·

189 1307 342 1380 siculam
366 1304 498 1378 Malehi
525 1305 644 1406 tetigit
669 1320 706 1379 et
726 1305 876 1378 sanavit.
900 1307 943 1378 ln
964 1304 1024 1378 itta
1049 1303 1138 1379 hom
1161 1303 1258 1379 dixit

188 1422 289 1495 iesus
307 1419 424 1493 turbis
441 1450 450 1491 ε
468 1421 664 1521 Tanquam
677 1421 734 1497 od
746 1420 923 1496 tattonem
939 1422 1067 1495 existis
1082 1448 1168 1495 eum
1176 1421 1257 1523 glo

192 1539 266 1614 diis
290 1556 324 1612 et
334 1536 503 1638 sustibos
527 1539 828 1641 eompmbmdere
853 1566 922 1613 me.
956 1538 1132 1638 Quotidie
1153 1520 1260 1642 abed

194 1682 257 1729 vos
269 1655 459 1746 sedebam,
482 1654 617 1729 doeens
633 1656 672 1727 in
691 1656 842 1757 templo,
857 1671 892 1727 et
909 1679 984 1728 non
1000 1682 1059 1728 me
1079 1656 1256 1732 mussas.

193 1771 272 1846 Sed
281 1772 363 1846 boee
375 1789 428 1846 est
436 1772 528 1846 bora
539 1790 663 1846 vestro
679 1788 713 1845 et
717 1789 882 1874 potestas
895 1769 1133 1845 tenebrarum.
1153 1773 1260 1845 Tune

192 1887 358 1987 discipuli
372 1912 512 1974 omnes,
528 1886 657 1961 relicto
670 1911 727 1974 eo,
743 1886 929 1987 fugerunt.
942 1887 1044 1960 Unus
1058 1878 1260 1962 adoleseetis

193 2005 346 2076 amictus
356 2001 508 2076 sindone
521 2001 752 2102 sequebatur,
763 2003 842 2103 qui,
856 2027 939 2075 cum
949 2003 1149 2076 tenuissent
1161 1990 1259 2085 eum,
1285 2014 1290 2031 “

195 2123 323 2217 rejecta
350 2116 501 2192 sindone
529 2117 646 2189 nudus
672 2117 836 2219 profugit
851 2116 897 2191 ab
913 2120 977 2191 eis.
1002 2119 1046 2190 ln
1071 2117 1132 2191 itta
1155 2112 1261 2190 tmbs

196 2260 279 2305 cum
294 2233 457 2306 adessent
479 2230 647 2305 tribunus
667 2248 705 2306 et
722 2232 851 2308 cohors
874 2248 912 2307 et
934 2234 1091 2307 ministri
1113 2232 1263 2305 budteo-

193 2376 298 2437 rum,
315 2349 478 2422 Salvator
489 2349 616 2449 ligatus
629 2365 701 2438 est,
716 2366 753 2424 et
761 2352 882 2451 primo
897 2349 941 2423 sd
954 2348 1098 2424 Annam
1108 2349 1263 2449 pontifi·

196 2495 274 2542 cem
287 2492 452 2541 socerum
464 2466 609 2567 Caiphae
625 2467 753 2541 duetus
770 2484 823 2542 est
837 2470 905 2569 (α).
957 2504 959 2509 v

245 2585 372 2658 Petrus
388 2599 508 2657 autem
531 2582 746 2685 sequebatur
766 2612 786 2657 a
808 2585 914 2686 longe
933 2609 1046 2685 usque
1066 2585 1104 2656 in
1128 2585 1264 2657 atrium

195 2701 370 2801 principis
391 2700 637 2794 sacerdotum,
666 2717 703 2775 et
726 2702 903 2803 ingressus
929 2702 1028 2777 intro
1051 2699 1197 2775 sedebat
1219 2700 1264 2773 ad

145 2872 147 2876 ι
195 2819 338 2919 ignem,
362 2819 444 2918 quia
468 2818 581 2918 frigus
608 2834 704 2907 erat,
731 2843 814 2889 eum
841 2818 1036 2907 ministris,
1061 2834 1103 2891 ut
1126 2817 1264 2907 videret

196 2933 319 3008 finem.
340 2933 499 3007 Accenso
521 2936 595 3034 igni
624 2936 663 3007 in
685 2932 806 3009 medio
823 2935 916 3008 atrio
940 2950 977 3008 et
999 2934 1265 3008 circumseden-

197 3049 293 3122 tibus
318 3050 405 3139 illis,
426 3066 503 3123 erat
526 3055 652 3125 Petrus
671 3053 710 3122 in
734 3048 855 3124 medio
871 3077 998 3124 eorum
1014 3051 1087 3150 (ὃ).
1107 3051 1264 3124 Maxima

196 3165 323 3237 Petrus
339 3164 577 3238 admiratione
597 3164 819 3238 venerandus
839 3180 908 3253 est,
930 3165 1031 3265 quod
1043 3166 1263 3253 Dominum,

196 3280 304 3352 etiam
325 3305 409 3351 eum
429 3280 593 3367 timeret,
612 3294 752 3351 secutus
769 3294 834 3353 est.
855 3279 963 3372 Quod
980 3281 1102 3370 timet,
1124 3296 1267 3353 naturae

197 3411 269 3482 est;
288 3392 388 3494 quod
410 3393 585 3493 sequitur,
612 3392 834 3482 devotionis3
860 3394 959 3494 quod
980 3410 1107 3495 negat,
1127 3392 1267 3492 obrep-

197 3514 328 3601 tionis3
347 3510 446 3612 quod
462 3511 638 3609 poenitet,
654 3509 749 3584 fidei.

231 3851 269 3920 (ι)
288 3849 325 3903 Le
336 3858 409 3902 texte
421 3847 456 3903 de
468 3849 540 3903 saint
550 3850 619 3904 Jean
631 3859 711 3921 porte
727 3873 733 3902 :
747 3849 816 3905 Non
827 3853 873 3905 vis
885 3859 915 3904 ut
926 3850 1019 3904 bibam
1032 3850 1131 3904 illum?

231 3937 269 4005 (o)
287 3934 387 3990 Matth.
399 3951 472 4002 xxvi,
488 3933 591 4009 51-57;
605 3933 873 4012 Mare.x1v‚t7·53;
888 3938 955 3991 Luc.
968 3952 1034 4004 xxti,
1051 3934 1151 4011 49543
1164 3938 1265 3992 Joann.

198 4040 278 4089 xvsn,
300 4026 391 4088 10-16.
405 4050 442 4063 -
457 4021 497 4094 (ὅ)
516 4025 616 4079 Matth.
631 4041 706 4092 xxvi,
727 4023 777 4091 583
796 4025 880 4079 Marc.
899 4042 957 4093 xiv,
977 4023 1028 4092 543
1049 4023 1115 4080 Luc.
1131 4041 1198 4094 un,
1213 4022 1265 4091 555

197 4116 396 4180 Joann.xv1n,
417 4107 462 4181 15,
480 4111 518 4166 16.
844 4139 845 4142 ¹
