2894 4958
448 405 567 468 LIBER
585 406 796 470 SECUNDUS.
1098 413 1159 472 203

102 540 281 613 taverunt,
299 542 336 601 et
349 552 455 625 super
473 528 576 599 illum
592 529 780 628 planctum
792 554 961 627 magnum
974 527 1158 617 fecerunt,

102 641 220 743 ibique
236 652 443 715 reverenter
464 643 806 741 sepelieru11t50um
829 668 904 743 quo
926 643 1161 743 postmodum

102 757 332 848 Nicodemus,
356 756 529 832 Gamaliel
553 774 589 834 et
608 759 741 834 Abibas
765 760 932 834 tumulati
957 776 1056 835 sunt.
1081 762 1161 841 Illic

102 889 219 948 tantus
236 872 421 947 thesaurus
436 873 517 973 plus
533 901 642 975 quam
659 902 722 950 ccc
739 874 843 950 aunis
861 876 1024 964 delituit,
1045 877 1160 950 donec

102 990 201 1065 illum
216 992 392 1064 Lucianus
409 990 616 1092 presbyter,
635 992 815 1067 revelante
832 994 927 1082 Deo,
946 993 1104 1082 invenit,
1124 1009 1162 1068 et

102 1109 250 1183 locanes
273 1109 593 1209 Jerosolymitanus
610 1111 765 1209 praesul,
785 1126 851 1184 vu⁰
867 1112 1022 1184 Honorii
1044 1112 1161 1210 impe-

102 1225 226 1298 ratoris
243 1249 360 1313 anno,
383 1231 420 1296 in
436 1223 631 1298 Jerusalem
650 1227 836 1298 transtulit
848 1227 920 1326 (1).

143 1339 316 1440 Lapidato
334 1339 537 1440 Stephano,
558 1343 596 1414 in
613 1342 757 1416 ecclesia
775 1370 857 1444 quae
876 1358 952 1418 erat
965 1343 1161 1418 Jerusalem

102 1482 222 1554 magna
238 1456 440 1554 persecutio
456 1455 548 1529 facta
566 1474 638 1546 est,
653 1472 688 1531 et
705 1463 848 1547 omnes,
866 1475 1000 1558 praeter
1016 1473 1162 1558 aposto-

102 1571 167 1663 los,
185 1599 252 1671 per
265 1578 428 1672 regiones
446 1572 569 1647 Judeae
588 1590 625 1648 et
640 1574 809 1648 Samariae
828 1573 976 1674 dispersi
996 1591 1093 1648 sunt.
1118 1577 1161 1647 ln

102 1690 168 1789 ipsa
202 1704 320 1761 tamen
346 1688 567 1789 dispersione
598 1691 738 1791 Spiritu
766 1692 898 1765 Sancto
934 1690 1161 1764 corroborati

102 1804 251 1906 plurima
272 1808 348 1880 loca
370 1806 658 1905 pertransibant,
679 1823 715 1882 et
733 1808 885 1882 verbum
897 1809 961 1882 Dei
981 1807 1162 1907 evangeli-

102 1920 237 1995 nbant.
259 1922 558 2022 TuucPhilippus
575 1924 613 1996 in
632 1925 786 1996 Samaria
796 1924 979 2000 Christum
988 1922 1160 2022 praedica·

102 2040 165 2130 vit,
184 2057 221 2115 et
243 2041 354 2113 multa
376 2042 475 2142 signa
487 2096 498 2130 ‚
518 2043 723 2143 paralyticis
745 2057 782 2116 et
805 2041 938 2114 claudis
960 2066 1000 2113 ac
1021 2040 1161 2113 daemo-

102 2155 205 2230 uiacis
238 2158 275 2229 in
312 2157 462 2231 nomine
490 2156 623 2229 Christi
651 2158 807 2249 curatis,
837 2155 1061 2230 auditoribus
1088 2156 1160 2227 suis

102 2271 264 2348 tetendit.
289 2273 502 2347 Samaritani
522 2274 743 2347 unanimiter
763 2273 817 2346 his
844 2300 927 2373 quae
949 2298 969 2344 a
992 2270 1161 2370 Philippo

102 2387 306 2464 licebantm·
342 2389 598 2484 intendebant,
636 2407 672 2465 et
704 2416 788 2463 cum
822 2389 1004 2462 alacritate
1032 2414 1160 2489 magras

102 2504 200 2581 idem
218 2532 340 2580 veram
363 2506 617 2608 suscipiebant.
639 2509 744 2580 Tunc
771 2507 896 2579 Simon
920 2507 1044 2605 Magus
1072 2506 1160 2605 [qui

102 2618 336 2697 inmaritanos
348 2627 421 2723 jam
440 2624 528 2698 olim
547 2624 755 2713 seduxerat,
774 2623 908 2724 diuque
925 2623 1069 2722 magicis
1088 2623 1162 2694 suis

102 2763 155 2813 eus
168 2738 456 2838 dementaverat,
476 2739 572 2812 unde
586 2765 603 2811 a
617 2737 775 2838 deceptis
789 2765 939 2838 magnus
948 2736 1158 2838 putabatur,

102 2867 129 2929 et
139 2878 270 2955 magna
284 2855 348 2928 Dei
362 2855 476 2927 virtus
487 2854 706 2952 vocabatur]
718 2852 888 2952 Philippo
905 2851 1159 2952 evangelizanti

102 2971 137 3045 le
153 2994 270 3072 regno
289 2973 351 3044 Dei
371 2970 540 3059 credidit,
560 2987 597 3045 et
619 2998 703 3044 cum
718 2970 795 3044 aliis
809 2972 895 3044 viris
911 2987 1019 3070 atque
1035 2970 1162 3044 mulie·

102 3085 195 3161 ribus
211 3089 250 3160 in
270 3089 418 3161 nomine
432 3088 515 3160 Jesu
533 3087 667 3161 Christi
681 3086 900 3187 baptizatus,
918 3086 1086 3185 Philippo
1100 3085 1160 3157 ad·

102 3201 210 3279 tait.
230 3205 336 3304 Signa
355 3205 505 3278 enimet
523 3206 675 3277 virtutes
705 3208 874 3277 maximas
892 3204 969 3277 fieri
993 3201 1159 3291 videbat,

102 3331 132 3391 et
146 3315 233 3394 iude
252 3346 322 3418 pro
339 3320 493 3392 insolitis
508 3319 689 3392 admirans
708 3317 875 3418 stupebat
887 3319 955 3417 (a).

140 3435 305 3535 Apostoli
320 3453 457 3527 autem,
474 3438 536 3537 qui
552 3453 655 3512 erant
671 3437 927 3538 lerosolymis,
950 3461 1032 3507 cum
1046 3433 1163 3507 audis·

102 3567 174 3625 unt
187 3551 273 3652 quia
289 3552 425 3651 recepit
446 3552 602 3625 Samaria
624 3551 780 3626 verbum
802 3552 888 3641 Dei,
909 3550 1089 3624 miserunt
1118 3548 1162 3622 ad

127 3813 272 3885 (1)Notre
294 3826 393 3872 auteur
413 3817 475 3872 s’est
493 3821 603 3891 trompe
624 3835 672 3872 sur
688 3815 815 3890 l'epoque
833 3814 872 3870 du
893 3824 1014 3887 martyre
1033 3813 1069 3894 de
1090 3816 1162 3871 saint
1275 3879 1278 3885 ,

102 3886 211 3959 htieuue
216 3904 288 3978 ,qni
301 3914 350 3960 eut
361 3904 417 3960 lieu
429 3906 545 3961 environ
554 3906 625 3961 neul
630 3904 700 3960 mois
714 3902 868 3960 seulement
878 3904 958 3977 apres
969 3902 995 3958 la
1007 3904 1116 3977 passion
1125 3903 1161 3959 de

102 3989 294 4155 mas:
311 3993 538 4052 Surl’inveution
555 3996 590 4052 de
609 3993 1012 4070 sesmquuesen415,rcyez
1025 3996 1065 4051 ei·
1052 3994 1160 4050 -dessus

131 4118 139 4134 .
169 4122 179 4150 ,
287 4124 292 4137 .

127 4173 166 4243 (a)
184 4173 252 4249 ¹Art.
264 4184 356 4245 apost.
368 4194 432 4244 vin,
452 4175 525 4234 ι-ιὸ.
539 4179 647 4248 (Anute
660 4175 695 4244 34
704 4176 741 4232 de
751 4175 964 4246 senecensi.)
