2894 4958
285 424 325 487 ff
560 426 744 489 HISTORIA
766 427 1071 493 ECCLESthTlCh.

333 544 379 620 V.
405 545 506 621 lesus
523 544 650 645 plenus
672 546 810 646 Spiritu
828 546 961 622 Sancto
983 576 1003 622 a
1020 548 1177 625 Jordane
1195 552 1234 625 in
1245 551 1355 628 ¹Gali-

286 663 390 738 laeam
413 689 591 765 regressus
608 679 681 754 est,
701 662 826 765 ibique
849 666 960 740 tertio
982 665 1041 742 die
1066 694 1149 742 cum
1167 669 1353 772 discipulis

286 782 358 856 suis
371 778 414 854 ad
427 780 569 880 nuptias
584 780 623 853 in
639 778 760 854 Chana
778 796 925 856 vocatus
939 799 1006 857 est.
1026 783 1224 860 Deficiente
1239 789 1328 863 vino
1337 843 1350 880 ,

285 914 436 972 amatre
462 913 626 999 rogatus,
648 924 709 973 sex
733 896 877 999 hydrias
900 927 992 1003 aqua
1015 902 1144 1003 repleri
1167 907 1294 1005 jussit,
1315 921 1353 982 et

284 1033 460 1092 mutatam
484 1017 521 1090 in
546 1016 674 1089 vinnm
696 1015 829 1091 deferri
856 1045 876 1090 a
902 1019 1078 1093 ministris
1101 1021 1352 1099 architriclino

283 1137 457 1238 praecepit
474 1135 544 1233 (r).
570 1136 649 1211 lloe
671 1135 774 1236 signo
790 1135 944 1235 gloriam
961 1163 1062 1212 suam
1080 1139 1263 1241 discipulis
1279 1142 1352 1216 suis

283 1255 443 1355 primum
459 1251 717 1342 manifestavit,
734 1278 800 1351 per
816 1254 916 1354 quod
932 1257 1253 1332 commutationem
1270 1285 1353 1333 car·

283 1372 375 1445 nalis
392 1369 595 1443 intellectus
610 1369 648 1442 in
667 1369 779 1443 veteri
796 1369 873 1472 lege
894 1370 1112 1473 designarit,
1133 1391 1169 1448 et
1183 1400 1250 1474 per
1266 1376 1353 1476 Spi-

284 1488 376 1561 ritus
393 1485 514 1557 Sancti
536 1483 686 1584 gmtiam
710 1484 748 1556 in
771 1486 971 1560 novitatem
988 1488 1073 1562 vitae
1091 1489 1289 1562 transtulit.
1307 1491 1352 1563 In

284 1601 465 1677 desertum
477 1626 496 1672 a
509 1600 646 1700 Spiritu
664 1600 796 1674 Sancto
812 1602 857 1675 ad
873 1628 1026 1703 agonem
1041 1605 1170 1678 ductus
1187 1621 1262 1697 est3
1281 1621 1352 1681 eta

283 1720 429 1808 Satana,
446 1718 509 1820 qui
527 1715 713 1791 hominem
727 1716 1017 1818 incomparabilis
1033 1721 1184 1821 justitiae
1205 1721 1349 1812 videns,

283 1834 549 1924 admirabatur,
565 1848 723 1908 tentatus
735 1850 802 1909 est.
820 1834 1062 1937 Quadragenis
1071 1837 1197 1913 diebus
1210 1865 1251 1912 ac
1263 1865 1351 1914 noc·

282 1953 379 2030 tibus
385 1952 579 2054 jejunavit,
591 1966 628 2026 et
639 1952 703 2042 sic,
718 1979 784 2052 per
791 1954 971 2052 jejunium
983 1968 1021 2028 et
1029 1956 1233 2030 orationem
1241 1982 1352 2032 omne

281 2099 394 2175 genus
410 2070 677 2157 daemoniorum
691 2095 712 2142 a
728 2068 835 2143 bonis
849 2069 1087 2162 vincendum,
1105 2073 1270 2173 exemplo
1282 2073 1354 2149 do-

283 2193 360 2264 cuit
382 2188 454 2288 (2).
481 2186 662 2287 antiquus
687 2211 833 2285 serpens
854 2188 956 2287 gula,
983 2203 1021 2262 et
1038 2215 1126 2262 vana
1150 2191 1290 2292 gloria,
1314 2207 1351 2267 et

284 2306 501 2407 cupiditate,
521 2302 653 2405 quibus
676 2304 838 2404 primum
854 2305 969 2378 Adam
992 2309 1191 2407 superavit,
1219 2334 1352 2383 seeun-

282 2425 371 2500 dum
382 2423 618 2499 nihilominus
629 2420 744 2495 Adam
758 2424 929 2514 tentavit,
949 2424 1010 2498 sed
1022 2424 1068 2497 ab
1082 2426 1146 2500 illo
1159 2427 1352 2527 tripliciter

282 2541 398 2614 victus
414 2537 562 2640 refugit.
582 2538 632 2610 Et
648 2563 729 2612 eece
753 2556 977 2614 accesserunt
999 2541 1135 2641 angeli,
1162 2559 1200 2616 et
1221 2544 1352 2616 minis-

283 2673 471 2734 traverunt
484 2657 579 2731 Filio
595 2657 681 2746 Ilei,
699 2657 763 2757 qui
781 2657 935 2732 victores
952 2658 1093 2731 Satanae
1111 2660 1148 2732 in
1171 2659 1274 2733 coelis
1289 2687 1352 2735 re·

283 2774 488 2850 munerabit
503 2773 634 2875 gaudio
650 2774 815 2873 perenni.

332 2893 494 2966 Salvator
518 2917 601 2965 cum
623 2905 739 2962 matre
757 2905 794 2963 et
810 2888 984 2962 fratribus
999 2889 1251 2990 capharnaum
1266 2891 1350 2965 des-

282 3009 425 3097 eendit,
439 3007 561 3108 ibique
575 3033 652 3081 non
667 3005 792 3079 multis
801 3003 927 3079 diebus
938 3007 1084 3078 mansit.
1103 3006 1204 3096 lnde,
1222 3032 1352 3109 appro-

281 3130 481 3231 pinquante
498 3124 651 3214 Pascha,
670 3122 932 3224 Jerusolymam
951 3124 1129 3216 aseendit,
1149 3138 1186 3197 et
1203 3125 1240 3197 in
1260 3121 1350 3200 tem

281 3247 385 3350 plum
406 3245 567 3320 intravit.
581 3242 788 3319 Vendentes
808 3267 892 3315 oves
909 3257 945 3316 et
964 3240 1074 3317 boves
1090 3259 1127 3318 et
1145 3242 1348 3336 columbas,

283 3380 320 3441 et
332 3361 594 3438 nummularios
607 3357 768 3435 sedentes
782 3359 820 3432 in
835 3360 972 3460 templo
984 3360 1142 3450 invenit,
1160 3376 1197 3435 et
1207 3359 1351 3463 fulgore

283 3483 423 3557 deitatis
438 3482 529 3554 mire
548 3479 700 3553 rutilans
715 3503 841 3552 omnes
857 3479 961 3576 ejecit
977 3478 1049 3577 (3).

332 3600 375 3670 ln
391 3597 449 3671 die
462 3595 555 3671 festo
567 3593 709 3669 Paschae
722 3594 829 3668 multi
847 3595 959 3695 signa,
974 3620 1056 3695 quae
1072 3594 1172 3668 Jesus
1182 3593 1347 3686 faciebat,

282 3717 452 3791 viderunt
468 3731 504 3788 et
522 3715 560 3787 in
574 3713 723 3788 nomine
739 3715 814 3813 ejus
828 3709 1073 3786 crediderunt.
1090 3714 1196 3788 Tunc
1212 3711 1352 3787 Nicho-

283 3835 406 3910 demus
417 3831 611 3932 pharisaeus
620 3885 632 3921 ,
642 3831 811 3931 princeps
819 3828 1031 3903 ludaeorum
1038 3881 1050 3918 ,
1064 3829 1165 3904 venit
1173 3827 1218 3902 ad
1227 3831 1351 3904 lesum

316 4122 355 4192 (ι)
371 4121 471 4176 Joann.
486 4135 520 4187 ιι,
539 4135 612 4171 ι-ιι.
624 4114 707 4185 -(2)
718 4112 819 4169 llatth.
834 4131 867 4184 rr,
886 4114 1067 4182 1-113Msrc.
1082 4131 1108 4184 ι,
1125 4109 1299 4182 ra-133an.
1311 4129 1349 4178 rr,

284 4209 354 4267 1-15.
368 4244 399 4253 -
410 4208 448 4282 (5)
459 4211 558 4265 Joanu.
573 4225 607 4273 ιι,
623 4222 713 4279 12-17.
