2894 4958
540 411 656 473 LIBER
676 411 887 474 SECUNDUS.
1185 413 1245 477 ⁴25

182 555 220 613 et
240 538 369 636 injuste
386 547 510 606 contra
532 534 635 605 illum
654 546 941 607 commoverunt.
960 533 1085 607 Narses
1103 548 1244 632 autem,

181 652 245 724 ubi
263 678 298 724 se
316 650 361 723 ab
381 648 543 748 Augusto
562 649 713 747 pristina
735 648 907 749 dignitate
923 648 1097 721 nudatum
1114 651 1244 740 senslt,

183 769 348 844 Guinilos
369 765 622 866 Langobardos
629 819 640 855 ,
666 767 728 866 qui
753 767 974 840 Pannoniam
995 764 1182 855 colebant,
1205 782 1248 840 ut

183 888 320 961 ltaliam
337 885 546 958 invaderent
562 885 734 958 accersiit.
755 883 860 976 Quod
876 901 912 957 et
926 883 1062 956 sactum
1079 899 1144 957 est.
1161 883 1246 958 Non

183 1003 301 1076 multo
317 1018 401 1101 post
418 1000 544 1073 Narses
563 1016 729 1075 mortuus
746 1016 817 1090 est,
835 1001 923 1073 etin
939 1000 1059 1074 loculo
1075 998 1248 1099 plumbeo

184 1147 268 1193 cum
291 1117 459 1194 omnibus
480 1117 613 1190 divitiis
640 1116 710 1189 suis
733 1117 1087 1215 Constantinopolim
1111 1116 1248 1190 delatus

184 1251 251 1309 est.
270 1235 424 1308 Joanncs
437 1261 526 1333 papa
539 1234 723 1333 episcopos
740 1259 801 1306 uxr
814 1239 1053 1325 consecravit,
1071 1248 1107 1306 et
1125 1234 1162 1306 in
1181 1232 1248 1306 ba-

185 1355 283 1426 silica
295 1353 408 1425 sancti
420 1353 515 1425 Petri
529 1341 680 1452 apostoli
700 1366 755 1423 111⁰
771 1351 849 1424 idus
857 1353 939 1451 julii
957 1354 1115 1452 sepultus
1128 1366 1198 1444 est,
1214 1366 1252 1427 et

186 1471 332 1545 cessavit
349 1471 569 1568 episcopatus
587 1468 769 1542 mensibus
782 1495 806 1541 x
822 1469 947 1543 diebus
963 1473 1034 1569 111(
1058 1471 1088 1569 ).

233 1586 445 1661 Benedictus
460 1588 662 1677 Romanus,
678 1613 721 1659 ex
736 1602 837 1684 patre
855 1587 1066 1677 Bonefacio,
1082 1586 1173 1659 sedit
1189 1611 1251 1658 an-

185 1705 242 1776 nis
256 1729 295 1777 1v
307 1728 428 1775 mense
445 1728 520 1775 uno
537 1701 661 1775 diebus
678 1726 808 1775 xxvru.
824 1701 933 1774 Anno
945 1701 990 1773 ab
1003 1702 1252 1775 incarnatione

185 1820 332 1894 Domini
356 1831 510 1892 ncxv1u⁰
533 1816 668 1892 Alboin
692 1844 754 1890 rer
779 1816 1031 1918 Langobardos
1055 1818 1092 1889 in
1114 1817 1253 1889 Italiam

187 1936 346 2008 adduxit.
368 1938 473 2006 Tunc
489 1935 597 2007 etiarn
618 1933 727 2007 sames
749 1936 855 2008 ltalos
881 1936 1010 2007 invasit
1038 1951 1074 2008 et
1096 1934 1253 2006 Guinilis

188 2079 224 2126 se
242 2052 379 2125 tradere
397 2052 526 2151 coegit.
541 2051 762 2126 lastinianus
779 2078 865 2125 vero
884 2051 1079 2150 imperator
1097 2049 1166 2126 hoc
1186 2078 1254 2123 au-

187 2167 289 2241 diens
306 2167 344 2239 in
361 2169 560 2267 AEgyptum
572 2167 690 2255 misit,
712 2182 748 2239 et
768 2183 930 2241 oneratas
943 2166 1130 2244 frumento
1147 2193 1253 2240 naves

188 2285 341 2358 Romam
358 2284 575 2372 transmisit,
598 2297 635 2358 et
651 2283 938 2382 periclitantibus
960 2284 1053 2358 same
1069 2284 1251 2357 subvenit.

189 2401 222 2472 ls
250 2424 319 2500 pro
344 2400 505 2475 victoriis
536 2399 762 2473 adversarum
791 2398 1042 2501 frequentibus
1070 2401 1253 2500 gentium,

189 2513 465 2600 Alamannicus,
493 2514 687 2606 Gothicus,
720 2515 910 2607 Alanicus,
944 2512 1184 2591 Guandalicus
1219 2529 1256 2589 et

189 2630 380 2704 Africanus
393 2647 446 2704 est
457 2633 720 2731 agnominatus.
740 2634 807 2705 Hic
825 2634 918 2707 iutra
932 2633 1061 2708 urbem
1074 2638 1256 2708 Constan-

191 2749 385 2848 tinopolim
408 2749 550 2824 Christo
571 2751 730 2825 Domino
753 2751 928 2850 templum
953 2751 1131 2837 extruxit,
1156 2748 1256 2849 quod

190 2892 310 2966 graeco
339 2864 516 2940 vocabulo
545 2867 672 2967 Agiam
701 2866 871 2966 Sophiam
898 2866 1115 2941 nominavit.
1148 2865 1256 2963 Cujus

191 3007 282 3082 opus
292 2981 379 3058 adeo
392 3000 519 3055 cuncta
532 2983 680 3060 aedificia
694 2984 853 3075 excellit,
873 2984 963 3057 utin
977 2984 1063 3058 totis
1078 2999 1259 3056 terrarum

193 3097 314 3196 spatiis
331 3096 413 3170 huic
425 3098 540 3171 simile
554 3098 708 3172 inveniri
721 3124 797 3172 non
808 3099 934 3199 possit.
950 3099 1040 3171 Erat
1053 3098 1150 3171 enim
1164 3096 1260 3181 idem

190 3216 358 3314 princeps
376 3214 445 3288 fide
465 3215 658 3289 catholicus
681 3230 718 3290 et
739 3218 775 3288 in
796 3215 964 3316 operibus
983 3232 1120 3302 rectus,
1143 3215 1180 3286 in
1194 3216 1259 3312 ju-

191 3330 294 3407 diciis
315 3335 451 3430 justus3
480 3333 630 3434 ideoque
655 3360 825 3434 prospera
851 3333 902 3407 illi
929 3328 1194 3407 concurrebant
1218 3329 1257 3423 in

191 3449 375 3523 omnibus.
395 3451 508 3550 Hujus
524 3465 685 3551 tempore
706 3449 933 3524 Cassiodorus
952 3451 1118 3542 Senator,
1137 3459 1259 3546 postea

227 3735 237 3803 (
242 3737 266 3805 1)
284 3732 330 3802 (18
344 3732 439 3805 juillet
455 3731 558 3788 560-15
572 3732 664 3806 juillet
681 3731 756 3809 573.)
773 3731 902 3800 Sindbal,
921 3731 988 3786 chel
1002 3729 1051 3785 des
1063 3725 1196 3795 Hermes,
1216 3725 1262 3782 lut

192 3822 288 3897 pondu
305 3842 355 3896 par
366 3822 449 3878 ordre
461 3822 496 3878 de
508 3824 620 3892 Natses,
636 3833 716 3878 avant
729 3823 832 3878 d’avoir
844 3841 883 3897 pu
900 3840 1011 3878 exercer
1024 3819 1060 3875 dc
1075 3816 1192 3893 grandes
1208 3816 1260 3873 de·

192 3913 349 3968 vastatione.
364 3914 408 3967 Au
425 3912 483 3968 lieu
500 3912 682 3986 d’Amingus,
697 3913 761 3968 lisez
779 3911 940 3968 Lothart'us.
954 3911 1008 3966 Sur
1023 3909 1062 3964 les
1080 3907 1261 3982 imputations

193 4000 391 4057 calomnieuses
408 4000 456 4056 des
472 3989 606 4057 Romains
623 4012 719 4058 contre
735 4002 852 4069 Nartes,
867 4018 937 4056 nous
956 4016 1039 4054 avons
1056 3996 1118 4069 dtjt
1137 3995 1261 4068 exprime

194 4099 275 4143 notre
288 4089 402 4161 opinion
414 4088 560 4153 cidessun
575 4089 594 4143 l.
606 4107 628 4159 i,
644 4110 672 4164 p.
688 4087 745 4147 133.
758 4089 851 4162 Voyez
860 4089 947 4160 aussi,
962 4087 1052 4145 mltme
1063 4095 1143 4154 note,
1154 4082 1262 4139 l’iutor·

195 4177 335 4248 pretation
349 4176 389 4231 du
401 4187 459 4232 mot
476 4178 590 4232 Gutnttt.
