2894 4958
187 394 247 453 328
461 389 645 451 HISTORIA
666 389 971 453 Ecctttstast'lct

125 589 127 594 ,
189 537 278 585 num
291 534 397 610 super
414 507 502 582 illud
519 508 734 583 aedificatum
751 526 822 601 est,
842 526 879 584 et
895 507 1116 584 monachilis·
1128 513 1249 586 concio

190 626 302 700 cultui
320 625 445 700 divi-no
461 625 578 698 dedita
597 627 684 724 est(
707 626 736 724 ).
1095 695 1101 705 ,

236 744 288 816 Χ.
307 741 499 817 Matthaeus
511 743 617 833 Levi,
630 758 672 814 ut
686 744 760 842 ipsc
777 743 814 815 in
832 742 1028 843 Evangelio
1042 767 1110 816 suo
1123 743 1249 831 refert,

187 859 260 932 fuit
280 859 512 949 telonearius,
532 858 592 932 sed
611 885 654 932 ex
677 856 879 958 publicanis
896 873 951 933 eat
970 883 990 931 a
1013 859 1178 934 Domino
1199 887 1252 933 aa·

187 989 350 1074 sumptus
374 989 411 1047 et
435 974 682 1073 apostolorum
705 998 859 1046 numero
884 971 1050 1064 additus,
1073 974 1253 1074 multipli-

187 1091 291 1192 cique
303 1089 414 1190 gratia
429 1088 629 1163 decoratus.
649 1089 716 1162 Hic
732 1089 892 1188 primum
909 1090 947 1161 in
963 1089 1088 1164 Judaea
1106 1115 1253 1192 evange-

186 1210 324 1296 lizavit,
342 1223 464 1308 postea
483 1210 521 1281 in
544 1208 752 1282 Macedonia
769 1205 990 1307 praedicavit.
1010 1205 1068 1281 Ad
1083 1207 1252 1281 ultimum

186 1326 225 1397 in
246 1323 450 1422 AEthiopia,
472 1339 660 1423 postquam
680 1322 876 1423 Eglippum
890 1348 1011 1423 regem
1026 1348 1114 1399 cum
1134 1322 1253 1396 multia

187 1441 349 1516 millibus
373 1466 446 1514 auae
467 1441 585 1540 gentis
608 1440 788 1515 convertit
810 1455 847 1514 et
871 1441 909 1514 in
932 1439 1078 1515 Christo
1099 1439 1254 1541 baptim-

103 1655 105 1658 ·
189 1558 265 1663 vitfi
287 1557 354 1631 sub
372 1559 531 1659 Hyrtaco
555 1555 742 1657 Adelpbo,
762 1557 850 1630 dum
870 1558 1014 1631 missam
1038 1556 1250 1647 celebraret,

189 1676 405 1777 martyrium
426 1675 576 1776 pertulit
583 1703 595 1763 ;
620 1675 741 1774 sicque
764 1674 851 1748 felix
871 1685 923 1748 x1⁰
943 1674 1014 1748 kal.
1036 1673 1201 1780 octobris
1213 1673 1254 1746 ad

189 1791 389 1865 Dominum
406 1791 586 1891 migravit.
606 1791 721 1864 Series
737 1815 824 1864 vero
841 1788 1109 1890 praedicationis
1123 1805 1162 1864 et
1176 1815 1253 1890 paa-
1274 1788 1277 1796 '

189 1909 300 1983 sionis
327 1907 423 1982 beati
453 1907 691 2007 Evangelistae
719 1907 834 1980 sicin
862 1908 988 2007 priscis
1011 1907 1252 1981 voluminibus

189 2024 382 2125 reperitur.

238 2143 431 2217 Matthaeus
454 2144 655 2242 apostolus,
675 2158 867 2244 postquam
893 2142 931 2215 in
952 2141 1074 2215 Judaea
1096 2143 1252 2242 Evange-

191 2260 282 2333 lium
310 2259 456 2335 hebraeo
485 2286 652 2335 sermone
680 2261 888 2361 descripsit,
918 2261 1155 2361 praecipiente
1182 2259 1252 2332 Deo

87 2459 88 2463 Ἰ
192 2373 380 2476 AEthiopes
393 2376 500 2468 adiit,
517 2393 555 2451 et
567 2403 674 2478 agens
687 2375 808 2449 divina
822 2403 931 2476 opera
945 2375 1081 2449 multos
1098 2374 1250 2448 salvavit.

191 2489 285 2562 Nam
312 2490 489 2589 ingressus
519 2492 700 2565 civitatem
724 2518 891 2592 magnam
918 2489 1097 2579 Nadaber,
1125 2487 1253 2565 detexit

190 2607 371 2708 praestigia
387 2634 574 2708 magorum
592 2609 722 2682 Zaroes
739 2625 775 2682 ct
795 2606 1024 2707 Arphaxath,
1039 2607 1105 2708 qui
1124 2633 1162 2680 se
1177 2604 1252 2680 deos

192 2749 265 2796 esse
285 2723 470 2813 dicebant,
495 2743 531 2798 et
547 2725 596 2797 sic
613 2724 810 2824 Eglippum
826 2750 966 2824 regem,
987 2725 1136 2823 ejusque
1147 2746 1253 2822 popu·

226 3052 265 3120 (1)
281 3051 363 3106 Cettc
373 3050 491 3124 legende
504 3061 546 3105 est
557 3052 721 3123 empruntee
733 3066 852 3124 presque
863 3046 1060 3103 litteralement
1071 3064 1109 3100 au
1122 3045 1188 3100 faux
1202 3042 1253 3099 Ab·

192 3139 260 3195 dias.
274 3138 321 3197 On
334 3159 369 3195 ne
378 3141 431 3215 aait
442 3142 503 3196 rien
512 3139 546 3195 de
556 3141 660 3195 certain
670 3157 718 3194 sur
726 3138 752 3194 la
760 3138 933 3212 predication
946 3135 981 3191 de
993 3136 1065 3191 saint
1073 3131 1251 3198 tarataram,

191 3248 249 3286 non
261 3229 324 3305 plus
337 3248 392 3305 que
404 3248 452 3285 sur
464 3228 504 3284 lea
516 3231 716 3284 circonstanoea
730 3227 765 3282 de
777 3245 806 3281 aa
818 3238 902 3281 mort.
917 3227 955 3280 La
970 3223 1148 3298 aupposition
1160 3221 1188 3277 la
1199 3220 1253 3295 pto

193 3320 420 3373 communement
431 3318 531 3386 auivie,
545 3327 587 3373 eat
599 3315 668 3391 qu’il
681 3335 696 3370 a
709 3317 791 3389 porte
802 3314 829 3368 la
842 3315 880 3368 soi
893 3312 961 3372 dant
972 3310 1094 3369 Parthie
1107 3311 1253 3365 Hemanae.

192 3407 354 3480 Cependant
365 3406 391 3461 la
404 3405 468 3461 ville
480 3403 631 3471 d’Albane,
646 3406 684 3461 oa
693 3404 749 3464 l‘on
760 3403 837 3478 place
851 3403 876 3458 le
890 3402 999 3458 theitrc
1013 3399 1049 3455 de
1060 3417 1113 3455 ton
1124 3409 1253 3472 manyie,

192 3488 283 3551 devait
295 3495 354 3550 ttm
364 3493 391 3549 la
408 3494 524 3567 capitale
538 3494 576 3550 du
589 3513 720 3567 royaume
733 3492 891 3560 d‘Albanie,
907 3509 955 3546 sur
966 3489 1006 3544 lea
1017 3488 1105 3544 bords
1119 3488 1191 3544 dela
1202 3503 1254 3542 met

191 3587 351 3660 Caspienne.
364 3585 541 3660 L‘empereur
552 3588 684 3641 Anastaae
693 3595 775 3656 ayant
784 3584 856 3652 haiti,
868 3600 928 3638 vera
940 3580 1007 3660 509,
1017 3581 1044 3639 la
1055 3575 1166 3635 vilte‘de
1177 3579 1253 3634 nara

190 3693 226 3731 en
238 3675 451 3748 Mesopotamie,
465 3694 482 3746 y
496 3673 527 3729 fit
537 3683 718 3747 transporta,
732 3691 770 3728 on
780 3691 815 3728 ne
826 3673 879 3729 sait
889 3670 970 3735 aaa,
982 3660 1159 3743 letireliquea
1170 3667 1206 3722 de
1218 3673 1254 3722 cet

192 3765 297 3838 apotre.
316 3766 389 3823 Vere
404 3764 431 3818 la
446 3765 536 3820 meme
554 3768 677 3839 epoque,
693 3781 730 3818 on
746 3762 852 3835 croyait
869 3760 908 3816 les
925 3758 1056 3834 potaeder
1070 3757 1140 3820 dana
1152 3756 1208 3827 l’ile
1224 3755 1253 3810 de

193 3854 300 3931 Lipari,
319 3853 568 3940 conformementa
585 3854 611 3909 la
630 3853 763 3909 tradition
782 3853 868 3907 suivie
882 3871 933 3926 par
944 3862 1025 3905 notre
1038 3859 1147 3905 auteur.
1163 3845 1252 3902 Profa·

161 3952 167 3961 '
192 3946 258 3998 nees
271 3962 306 3997 en
319 3944 370 3999 808
382 3963 432 4019 par
445 3944 484 4000 les
496 3946 650 4013 Sarrasint,
665 3943 730 3999 elles
746 3943 855 4009 furem,
869 3941 977 4010 dit-on,
991 3938 1147 3996 recueilliea
1159 3955 1209 4012 par
1220 3951 1252 3991 ut

195 4033 287 4088 moine
302 4052 378 4105 grec,
393 4046 421 4089 et
434 4038 542 4106 porteea
553 4038 568 4089 a
580 4036 719 4090 Benevent
730 4033 837 4092 l'annee
845 4034 977 4088 suivante.
