2894 4958
188 383 227 441 88
463 381 647 442 HISTORIA
667 380 972 443 ecetesttsttcs.

236 499 369 574 Omnes
397 515 555 600 quatuor
581 501 840 602 Evangelistae,
865 501 958 574 sieut
982 502 1019 573 in
1058 500 1250 588 omnibus,

187 641 268 716 quae
278 616 508 715 omnipotens
514 617 727 690 Emmanuel
741 617 1127 717 fecitantepassionem
1137 644 1250 706 suam,

185 735 359 808 veraciter
389 733 577 808 referendo
599 734 844 823 concordant;
862 736 912 807 sic
934 735 1255 813 nibilominus-re-

185 851 446 926 surrectionem
472 854 546 950 ejus
569 866 606 924 et
628 855 872 939 ascensionem
897 851 1129 926 concorditer
1153 876 1255 925 enar-

185 985 289 1057 rant,
321 968 508 1068 deciesque
542 969 743 1040 Dominum
769 995 789 1040 a
817 970 971 1041 mortuis
1006 983 1255 1068 resurgentem

184 1088 301 1158 visum
331 1112 404 1158 esse
426 1083 471 1156 ab
499 1083 708 1169 hominibus
727 1100 1027 1159 commemorant.
1064 1083 1184 1158 Semel
1212 1083 1256 1157 ad

186 1218 466 1278 monumentum
485 1201 710 1276 mulieribus.
727 1205 863 1276 Rursus
882 1202 1015 1278 eisdem
1036 1203 1075 1275 in
1091 1203 1255 1275 itineres

184 1335 426 1395 monumento
442 1317 740 1420 regredientibus.
760 1322 888 1394 Tertio
904 1321 1045 1394 Simoni
1072 1321 1183 1394 Petro
1199 1345 1258 1418 ap-

186 1436 328 1535 paruit,
342 1434 440 1535 quod
458 1435 486 1505 si
506 1434 729 1535 Evangelista
743 1436 889 1536 quando
906 1435 962 1508 vel
976 1434 1039 1508 ubi
1052 1434 1193 1507 sactum
1212 1434 1269 1505 sit·

187 1578 262 1626 non
285 1551 543 1650 designaverit,
566 1566 686 1624 tamen
702 1552 786 1651 quia
810 1551 946 1624 factum
964 1553 1011 1623 sit
1036 1551 1177 1653 liquido
1192 1550 1258 1625 de-

187 1667 326 1740 scribit.
340 1666 478 1760 Quarto
488 1666 629 1739 duobus
642 1668 679 1737 in
690 1666 873 1740 castellum
887 1671 1060 1739 Emmaus
1069 1665 1255 1753 euntibus,

188 1786 226 1857 in
243 1783 310 1856 alia
328 1783 462 1884 effigie,
487 1809 533 1855 ne
558 1799 848 1882 cognosceretur,
878 1785 1065 1882 apparuit3
1092 1799 1134 1855 ut
1151 1775 1266 1883 pere?
1296 1884 1298 1889 Δ

187 1904 311 2001 grinus
332 1901 382 1974 eis
403 1899 512 1971 invia
532 1900 745 1988 comitatus,
766 1901 923 1972 tristitiae
946 1901 1259 2002 querimoniasque
1313 1888 1321 1904 ’

189 2045 329 2090 causam
354 2017 562 2117 inquisivit;
582 2016 778 2115 auditoque
805 2044 823 2087 a
848 2016 1004 2117 Cleopba
1027 2018 1192 2092 lamento
1216 2017 1260 2092 de

188 2137 272 2209 Jesu
280 2134 483 2220 Nazareno,
502 2134 565 2232 qui
581 2133 655 2205 fuit
667 2135 724 2204 vir
739 2134 935 2232 propbeta,
956 2150 1086 2234 potens
1099 2136 1139 2207 in
1152 2160 1261 2235 opere

192 2267 229 2323 et
246 2274 412 2322 sermone
429 2273 550 2321 coram
563 2248 640 2320 Deo
657 2263 694 2320 et
709 2251 810 2321 omni
824 2250 981 2349 populo,
1000 2251 1094 2324 etde
1111 2251 1262 2325 mmo&

191 2367 292 2439 tione
304 2369 401 2465 ejus,
420 2390 479 2437 eos
508 2365 567 2463 pie
591 2365 789 2462 increpavit
801 2394 812 2453 3
837 2367 1011 2465 incipiens
1029 2393 1048 2439 a
1069 2367 1201 2467 Moyse
1226 2383 1262 2442 et

190 2484 360 2557 omnibus
380 2480 568 2581 prophetis
590 2484 783 2582 scripturas
808 2483 1029 2582 explanavit,
1053 2499 1263 2586 tractusque

191 2598 236 2672 ad
258 2596 454 2697 hospitium
478 2624 562 2670 cum
588 2599 637 2671 eis
657 2597 845 2691 recubuit,
866 2601 903 2672 in
928 2600 1097 2673 convivio
1128 2627 1262 2699 panem

192 2715 347 2814 accepit,
366 2712 569 2801 benedixit,
587 2712 721 2814 fregit,
737 2716 922 2815 porrexit,
943 2734 979 2790 et
992 2718 1118 2790 oeulos
1133 2744 1262 2791 eorum

194 2836 232 2906 in
249 2833 426 2905 fractione
438 2833 538 2931 panis
559 2832 604 2906 ad
620 2834 885 2933 agnoscendum
901 2836 1111 2933 seaperuit,
1132 2835 1264 2935 cogni·

194 2968 323 3051 tusque
347 2976 434 3023 mox
456 2978 500 3023 ex
518 2950 631 3024 oculis
653 2976 781 3025 eorum
797 2951 954 3023 evanuit.
974 2951 1117 3049 Quinto
1143 2952 1264 3050 pluri-

196 3066 262 3139 bus
290 3068 328 3139 in
354 3065 567 3152 Jerusalem,
596 3082 638 3138 ut
665 3068 777 3137 Lucas
795 3082 831 3138 et
858 3067 1014 3139 Joannes
1040 3066 1261 3165 perhibent,

195 3209 275 3257 sero
293 3183 537 3283 congregatis,
557 3182 618 3253 ubi
639 3197 807 3254 nouerat
824 3180 1002 3269 Thomas,
1022 3165 1121 3255 iesus
1140 3181 1263 3281 januis

196 3301 321 3373 clausis
348 3301 514 3386 intravit,
532 3325 659 3372 manus
677 3312 714 3371 et
731 3297 822 3370 latus
838 3299 888 3371 eis
902 3299 1081 3387 ostendit,
1099 3314 1266 3397 partem·

195 3444 265 3516 que
284 3418 389 3515 piscis
403 3418 489 3503 assi,
508 3433 544 3488 et
559 3414 680 3487 favum
692 3414 807 3489 mellis
822 3440 943 3487 coram
956 3416 1005 3489 eis
1016 3414 1263 3503 manducavit,

197 3534 406 3621 insufflavit,
425 3551 461 3606 et
473 3532 564 3607 dixit
582 3533 653 3606 eis:
673 3533 843 3633 Accipite
860 3530 1035 3632 Spiritum
1059 3531 1266 3619 Sanctum,-

197 3665 234 3724 et
249 3667 388 3724 caetera.
409 3653 518 3724 Sexto
539 3666 623 3749 post
638 3650 713 3723 dies
731 3664 838 3737 octo,
863 3647 926 3719 ubi
944 3647 1035 3720 vidit
1056 3674 1142 3720 eum
1159 3647 1268 3721 Tho·

197 3792 290 3850 mas,
310 3782 346 3838 et
361 3766 471 3837 dixit:
483 3768 663 3840 Dominus
677 3794 775 3838 niens
782 3824 795 3856 ,
811 3782 844 3838 et
856 3765 956 3836 Dens
970 3792 1083 3837 meus.
1101 3765 1267 3863 Septimo

197 3879 345 3960 admare
358 3881 579 3971 Tiberiadis,
591 3882 654 3954 ubi
668 3898 804 3982 septem
815 3882 979 3979 discipuli
993 3880 1171 3980 piscantes
1181 3907 1268 3956 eum

199 4010 281 4105 post
293 4014 515 4071 nocturnum
533 3998 695 4074 laborem
707 4025 812 4071 mane
828 3999 1018 4089 viderunt,
1039 4012 1076 4070 et
1094 4023 1180 4069 cum
1202 3998 1269 4074 illo

200 4130 280 4221 post
291 4116 418 4191 miram
433 4143 516 4190 ctrn
529 4118 680 4220 piscium
691 4134 874 4219 capturam
884 4142 1012 4220 panem
1026 4130 1062 4187 et
1078 4115 1215 4212 piscem
1228 4116 1266 4197 in
