2894 4958
190 402 231 463 76
468 400 656 464 HISTORIA
676 403 981 466 uectusttst'lct.

191 519 347 607 Christi,
370 535 411 592 ut
431 521 543 597 solers
562 522 783 623 Augustinus
798 522 1055 623 Hipponiensis
1071 526 1260 629 opiam

193 635 231 707 in
254 634 351 708 libro
375 636 484 710 tertio
509 636 553 710 de
576 662 752 711 consensu
777 636 1258 738 Evangelisurnmorihin

191 752 305 825 multa
326 751 423 826 dicta
444 768 530 827 sunt
552 771 589 828 et
606 754 719 827 multa
738 783 905 856 responsa
922 771 1021 831 sant.
1040 756 1150 835 Μ
1160 758 1261 863 qub-

191 897 262 970 que
287 895 414 944 eorum
435 886 613 972 quantum
637 870 706 944 sibi
729 874 847 946 vistim
863 889 916 948 est
936 875 1259 975 decerpto-erin

191 988 399 1062 narratione
414 1014 475 1061 sua
492 990 614 1088 posuit
626 988 727 1091 qaod
741 990 824 1063 satis
841 1017 914 1064 esse
926 991 1113 1089 judicavit.

238 1106 352 1193 Jesus,
368 1121 410 1177 nt
426 1105 618 1179 Matthaeus
630 1107 771 1195 asserit,
790 1122 874 1180 ante
889 1106 1081 1209 praesidem
1092 1109 1208 1200 ausit,
1223 1123 1259 1185 et

191 1222 433 1323 interrogatus
447 1219 495 1295 ab
508 1249 552 1297 eo
572 1225 602 1295 si
619 1251 683 1297 rex
697 1223 717 1294 J
720 1221 907 1297 udaeoram
919 1238 1029 1315 esset,
1043 1224 1256 1325 rospondit:

192 1341 251 1410 Tu
262 1339 371 1412 dicis.
387 1339 488 1412 Exiit
500 1341 654 1430 Pilatus,
669 1357 711 1412 ut
721 1341 878 1415 loannes
890 1339 1021 1430 refert,
1033 1339 1079 1414 ad
1090 1339 1259 1417 aetfow

190 1456 254 1555 qui
276 1481 352 1530 non
370 1457 592 1532 introierunt
614 1459 653 1530 in
676 1460 910 1558 praetorium,
932 1473 970 1531 et
990 1457 1084 1533 dixit
1092 1488 1109 1532 a
1134 1459 1260 1559 Quam

191 1576 461 1649 accusationem
478 1577 618 1675 affertis
637 1581 809 1651 aduersus
824 1575 1007 1650 bominem
1026 1574 1151 1655 lum?
1168 1576 1260 1655 Βᾶ-

189 1687 424 1787 ponderant:
440 1690 486 1764 Si
501 1718 575 1765 non
591 1709 684 1765 esset
700 1693 762 1764 hie
776 1689 1004 1793 malefactor,
1019 1716 1097 1765 non
1107 1690 1178 1765 att
1186 1708 1260 1769 tra·

188 1805 411 1882 didtssemus
422 1835 516 1882 eum.
532 1808 633 1882 Dixit
645 1809 695 1882 eis
707 1808 842 1882 Pilatus
857 1840 866 1881 ι
881 1809 1053 1909 Accepita
1067 1832 1152 1883 eutr
1169 1828 1257 1900 vot,

184 1942 225 1997 'et
238 1928 441 2000 sectandum
458 1927 576 2027 legem
593 1945 755 2001 vestram
768 1927 941 2027 judicate
962 1952 1060 2009 eum.
1078 1927 1261 2009 Riserunt

186 2042 303 2116 ludaei
320 2043 462 2119 :Nobis
478 2070 553 2117 non
566 2046 651 2116 licet
662 2043 859 2144 interficere
871 2068 1098 2143 quemquam
1111 2042 1260 2118 Introiit

190 2158 322 2232 iterum
348 2159 482 2233 Pilatus
507 2162 545 2232 in
569 2159 803 2258 praetorium,
832 2173 869 2232 et
894 2159 1036 2233 vocavit
1055 2158 1200 2248 desum,
1222 2174 1260 2233 et

187 2275 281 2349 dixit
303 2305 312 2344 ε
340 2279 398 2350 Τιι
421 2305 459 2352 es
484 2305 555 2351 rex
577 2278 608 2351 J
607 2275 823 2350 udaeorum?
846 2274 1047 2376 Respondit
1069 2277 1173 2350 Jesus
1192 2306 1203 2350 s
1221 2280 1259 2350 A
1320 2341 1324 2347 .

180 2396 373 2496 temetipso
386 2395 457 2468 boe
469 2396 583 2485 diets,
602 2422 654 2467 an
667 2394 738 2467 alii
748 2395 813 2469 tibi
823 2395 997 2466 dt’eerunt
1011 2393 1060 2469 de
1070 2391 1157 2466 me?
1175 2394 1260 2468 lto

188 2510 319 2610 pondit
342 2513 475 2587 Pilatus
502 2545 511 2586 ε
540 2514 738 2614 Numquid
756 2541 825 2614 ego
845 2514 1002 2586 Judaeus
1022 2510 1131 2587 sum?
1159 2512 1259 2588 Gna

189 2643 272 2718 tua,
296 2647 330 2701 et
343 2631 538 2733 pontifices
558 2636 629 2721 tui,
654 2630 883 2704 tradiderunt
902 2646 937 2703 te
955 2629 1061 2704 tritt..
1076 2628 1259 2731 Quidfe-

188 2748 274 2818 cisti
281 2746 303 2820 2
316 2748 516 2849 Respondit
528 2752 627 2822 lesus
643 2777 652 2818 ε
668 2751 839 2849 Regnum
849 2774 965 2821 meum
978 2765 1119 2823 nonest
1130 2748 1180 2823 de
1190 2748 1260 2823 troc

187 2865 336 2949 mundo.
353 2865 400 2939 Si
416 2894 465 2939 ear
482 2866 552 2940 boe
564 2866 701 2938 mundo
713 2883 805 2938 esset
818 2893 968 2967 regnum
981 2891 1116 2957 nwutn,
1130 2866 1259 2940 minit-

188 2984 236 3053 tri
249 2986 321 3056 mei
336 2984 560 3058 decertarent
579 3002 617 3057 ut
633 3010 706 3057 non
723 2984 885 3057 traderer
900 2984 1056 3057 Judaeis.
1071 2984 1186 3059 Nune
1197 3010 1257 3056 aa·

187 3116 256 3170 tem
271 3128 421 3200 regnum
442 3129 560 3175 meum
582 3130 655 3175 non
679 3119 732 3176 est
754 3102 850 3174 bino.
875 3102 975 3174 Dixit
992 3127 1078 3202 ergo
1094 3102 1253 3177 Pilatus:

186 3213 291 3315 Ergo
315 3244 381 3288 ren
403 3244 440 3289 es
464 3217 528 3290 tu?
553 3216 754 3316 Respondit
778 3218 877 3290 Jesus
907 3245 917 3288 .·
949 3217 1007 3288 Tu
1029 3216 1144 3306 dicis,
1169 3216 1255 3317 quia

187 3358 252 3404 rer
269 3360 348 3406 sum
368 3361 450 3434 ego.
470 3335 557 3435 Ego
578 3336 616 3406 in
636 3334 705 3407 boc
727 3349 835 3405 natus
854 3359 956 3421 sum,
970 3349 1004 3405 et
1018 3332 1072 3404 ad
1085 3331 1157 3406 boe
1171 3332 1258 3405 oeni

186 3449 226 3519 in
238 3449 434 3540 mundum,
457 3466 496 3522 ut
514 3451 754 3522 testimonium
769 3448 982 3550 perhibeam
994 3448 1153 3520 veritati.
1170 3447 1256 3522 Om-

186 3565 244 3637 nis
267 3568 332 3664 qui
355 3585 408 3639 est
429 3595 477 3639 ezr
490 3569 651 3640 veritate
673 3567 780 3640 audit
800 3591 925 3638 nocem
948 3589 1078 3636 meam.
1104 3561 1254 3637 Dixitei

186 3681 321 3756 Pilatus
340 3715 349 3755 ε
375 3685 482 3784 Quid
498 3703 550 3759 est
569 3683 731 3758 veritas?
744 3685 794 3756 Et
813 3709 896 3754 cum
912 3681 982 3755 hoc
1001 3680 1167 3770 dixisset,
1188 3681 1257 3756 ite-

184 3826 272 3872 rum
286 3802 374 3875 exiit
392 3803 437 3876 ad
452 3804 615 3892 Judaeos,
633 3821 670 3879 et
684 3801 777 3875 dixit
790 3801 840 3875 eis
859 3827 869 3869 ε
887 3801 975 3899 Ego
995 3796 1139 3871 nullam
1156 3800 1197 3872 t'n
1215 3824 1256 3872 eo

187 3919 330 3991 invenio
353 3946 517 3995 causam.
544 3925 651 3995 Tune
674 3921 909 3995 amaricantes
924 3915 1062 4007 ludaei,
1084 3933 1127 3989 ut
1144 3918 1257 3991 Lotus

186 4031 315 4123 refert,
331 4052 524 4136 coeperunt
536 4063 717 4127 accusare,
733 4037 893 4112 dicentes
909 4067 917 4107 :
933 4035 1046 4108 Hunc
1058 4035 1257 4109 invenimus

184 4150 439 4226 subvertentem
451 4173 596 4253 gentem
613 4173 791 4246 nostram,
812 4171 845 4228 et
853 4151 1108 4255 prohibentem
1122 4150 1258 4226 tributa
