2894 4958
565 414 685 476 LIBER
707 415 866 476 antuus.
1212 427 1247 484 91

174 548 295 635 Juxta
315 531 399 604 illos
420 533 459 603 in
477 530 639 604 vestibus
661 531 776 620 olbis,
800 534 866 632 qui
884 548 919 604 et
937 532 1110 609 dicerunt
1132 565 1142 608 .·
1168 539 1254 612 Viri

185 646 363 736 Gattaei,
382 645 475 745 quid
488 648 593 720 statis
613 649 831 748 aspicientes
851 652 890 720 in
909 649 1071 724 coelum?
1090 653 1168 725 Hic
1186 654 1253 726 Je-

183 793 267 855 sus,
288 764 355 863 qui
373 780 582 865 assumptus
598 780 651 836 est
668 792 694 837 a
713 763 818 837 cobis
838 769 878 837 in
893 765 1026 839 coelum
1034 824 1047 857 ,
1066 772 1120 840 sic
1135 772 1255 843 ueniet

183 877 495 979 quemadmodum
509 878 658 953 vidistis
674 907 756 953 eum
770 897 911 953 euntem
927 884 966 954 in
984 883 1128 956 coelum.
1150 885 1256 958 Tunc

183 998 316 1072 reversi
336 1012 420 1069 sunt
446 997 712 1097 lerosolymam
738 1023 763 1069 a
787 1013 907 1070 monte
935 998 1083 1091 Oliveti,
1110 1003 1177 1100 qui
1202 1018 1256 1075 est
1294 1097 1297 1104 Ι

176 1113 297 1213 jueta
312 1112 540 1203 Jerusalem,
557 1111 705 1188 sabbati
719 1113 857 1187 babens
876 1122 954 1187 iter.
981 1114 1056 1205 lbi,
1079 1131 1121 1188 ut
1142 1122 1254 1190 Lucas

185 1245 357 1321 testatur,
378 1228 498 1304 fideles
518 1229 682 1330 discipuli
704 1230 892 1331 triumpho
917 1232 1072 1305 coelestis
1094 1233 1254 1333 magistri

183 1346 387 1449 specialiter
402 1346 621 1447 gaudebant,
640 1349 677 1419 in
698 1348 834 1447 templo
850 1364 888 1422 et
903 1349 941 1423 in
955 1349 1145 1422 coenaculo
1160 1376 1254 1421 una-

184 1466 336 1539 nimiter
353 1465 390 1537 in
408 1465 572 1537 oratione
587 1463 883 1563 perseverabant,
902 1480 938 1539 et
954 1466 1172 1565 promissum
1185 1466 1256 1537 Pa-

184 1583 253 1656 tris
279 1609 345 1682 per
359 1582 513 1672 Filium,
540 1583 731 1681 sicutipse
753 1586 923 1682 jusserat,
950 1583 1064 1655 securi
1086 1597 1256 1682 cxpecta-

185 1695 278 1771 bant
302 1698 371 1796 (1)
399 1697 527 1772 Omnia
548 1697 664 1785 enim,
689 1723 773 1798 quae
788 1695 833 1769 ab
851 1696 914 1771 illo
935 1698 1139 1785 audierant,
1158 1714 1257 1772 certa

184 1839 339 1913 opemm
351 1812 574 1889 exhibitione
591 1812 937 1913 comprobaverant,
953 1828 990 1888 et
1007 1815 1120 1887 oculis
1137 1817 1260 1888 mani-¹

184 1930 275 2006 feste
286 1935 361 2031 jam
386 1932 563 2031 completa
590 1946 857 2032 perspexerant.
880 1932 974 2005 Nam
994 1932 1088 2004 sicut
1108 1957 1192 2004 eum
1218 1933 1256 2004 in

185 2049 350 2148 passione
369 2050 444 2122 dira
469 2049 730 2140 toleraturum,
761 2051 950 2152 ipsumque
965 2050 1071 2122 tertia
1089 2048 1148 2122 die
1173 2076 1257 2122 cum

185 2169 337 2242 victoria
361 2183 669 2258 resurrecturum,
697 2195 740 2242 ex
762 2194 826 2244 ore
847 2169 942 2240 illius
962 2168 1173 2268 plerumque
1196 2194 1261 2241 au«

185 2284 347 2375 dieraut3
373 2287 423 2358 sic
439 2286 578 2360 devicta
595 2301 714 2361 morte
731 2290 807 2386 jam
824 2284 1067 2359 immortalem
1086 2287 1171 2359 vitae
1191 2285 1257 2358 da-

187 2417 306 2478 torem
326 2403 401 2478 laeti
424 2419 623 2503 aspectant5
643 2405 793 2504 ipsoque
817 2429 922 2504 super
948 2402 1061 2477 coelos
1079 2401 1254 2491 eiraltato,

187 2535 223 2594 et
247 2521 364 2594 Patris
383 2522 428 2593 ad
452 2521 637 2595 dexteram
663 2516 829 2610 sedente,
856 2519 1012 2594 feliciter
1039 2519 1254 2618 tripudiant.

187 2637 316 2740 Angeli
337 2665 482 2739 quoque
503 2640 541 2712 in
565 2637 655 2711 albis
674 2637 831 2712 vestibus
847 2652 1078 2737 apparentes,
1098 2653 1134 2711 et
1154 2635 1258 2709 Gali-

187 2755 273 2831 laeos
303 2782 388 2829 cum
421 2757 659 2833 admiratione
686 2757 788 2830 coelis
822 2758 981 2830 intentos
1009 2755 1255 2856 alloquentes,

187 2871 398 2972 angelorum
430 2871 693 2973 bominumque
720 2872 890 2973 gaudium
908 2870 1116 2971 designant,
1135 2884 1172 2943 et
1192 2896 1258 2970 ge-

188 2987 345 3061 neralem
372 2992 446 3088 ejus
474 2989 512 3062 in
530 2988 602 3063 fine
622 2988 743 3062 saeculi
770 2989 962 3063 adventum
985 2986 1029 3060 ad
1048 2985 1257 3085 judicandas

187 3117 311 3202 gentes
331 3103 570 3191 denuntiant,

234 3222 364 3294 Petrus
383 3235 420 3294 et
439 3222 615 3310 loannes,
638 3218 792 3295 Jacobus
815 3237 851 3294 et
873 3219 1052 3308 Andreas,
1072 3215 1259 3316 Philippus

188 3351 226 3411 et
242 3336 420 3427 Thomas,
439 3338 725 3413 Bartholomaeus
742 3353 779 3412 et
797 3336 1010 3425 Matthaeus,
1025 3333 1179 3408 Jacobus
1191 3334 1258 3407 Al-

188 3451 283 3556 phoei
309 3470 346 3529 et
374 3455 499 3529 Simon
526 3456 667 3531 Zelotes
687 3471 724 3529 et
745 3453 851 3527 ludas
874 3452 1021 3545 Jacobi,
1053 3452 1116 3552 qui
1146 3477 1258 3551 usque

189 3568 228 3643 in
244 3569 357 3645 finem
372 3597 457 3644 cum
475 3572 634 3646 Domino
653 3574 737 3647 lesu
759 3584 1053 3671 permanserunt,
1077 3567 1127 3640 sal
1149 3582 1258 3640 terrae

191 3701 226 3760 et
237 3686 304 3761 lux
319 3688 446 3761 mundi
464 3688 511 3761 ab
529 3689 607 3789 ipso
622 3688 786 3790 appellati
805 3704 908 3778 sunt3
931 3687 1152 3788 meritoque,
1171 3685 1256 3785 quia

191 3805 366 3880 mundum
380 3821 671 3900 contemnentes,
691 3809 836 3910 vestigia
855 3810 930 3906 ejus
947 3818 1163 3893 tenuerunt,
1181 3828 1258 3876 rec*

195 3933 286 3996 tores
298 3919 416 4013 orbis,
436 3922 617 4022 etjudices
631 3925 751 3998 saeculi
766 3925 939 3998 divinitus
952 3921 1140 3997 constituti
1155 3934 1254 3993 sunt.

227 4193 264 4264 (r)
279 4194 346 4248 Luc.
366 4212 445 4263 xxiv,
467 4194 513 4264 52,
537 4194 587 4265 53;
610 4198 673 4253 Act.
694 4209 782 4272 apost.
803 4217 828 4268 t,
847 4201 920 4264 1-14.
