2916 4958
548 419 668 486 LIBER
686 425 897 488 SECUNDUS.
1202 433 1260 496 ³31

190 541 407 646 plasti2Adae
421 568 485 642 per
500 544 857 642 praevaricationem,
876 548 1023 646 ejusque
1035 549 1264 649 reparatione

191 659 441 763 perQFiliilllei
461 660 675 760 passionem.
695 663 858 764 Cumque
879 661 983 762 plura
999 661 1044 738 de
1058 661 1162 739 uberi
1182 691 1265 740 ma-

193 778 284 854 teria
304 776 606 851 sermocinaretur
623 777 825 877 apostolus,
843 802 924 851 ecce
942 774 1063 853 subito
1079 778 1265 855 luctuosus

194 911 298 970 ortus
317 908 373 969 est
393 893 588 985 tumultus,
608 896 645 969 in
665 920 740 996 quo
758 893 981 995 Euphranon
1000 894 1096 969 filius
1117 896 1263 999 Eglippi

192 1014 289 1113 regis
310 1007 548 1112 plangebatur
562 1025 741 1087 mortuus.
767 1009 825 1084 Ad
846 1010 957 1085 funus
979 1015 1054 1112 ejus
1075 1013 1169 1114 magi
1195 1031 1265 1088 sta·

192 1129 302 1220 bant,
327 1145 363 1204 et
385 1129 470 1231 quia
493 1128 596 1201 illum
620 1130 789 1203 suscitare
805 1126 1028 1230 nequibant,
1048 1129 1146 1203 hunc
1162 1158 1182 1203 a
1196 1130 1265 1204 diis

193 1263 340 1348 raptum
352 1248 394 1320 in
411 1247 564 1347 collegio
580 1248 656 1350 regi
675 1246 898 1339 asserebant,
913 1247 1100 1323 suadentes
1116 1264 1159 1321 ut
1170 1276 1265 1323 unns

193 1390 240 1440 ex
262 1364 331 1439 diis
348 1378 639 1464 computaretur,
656 1366 761 1467 eique
776 1366 1009 1440 simulacrum
1029 1382 1065 1439 et
1088 1364 1265 1466 templum

194 1479 448 1556 fabricaretur.
465 1481 682 1582 Euphenisia
696 1485 751 1583 (ι)
771 1509 859 1559 vero
875 1483 1000 1584 regina
1014 1484 1135 1557 sanius
1151 1484 1268 1559 oonsi-

194 1605 288 1679 lium
302 1631 323 1678 a
339 1603 436 1679 fideli
457 1604 617 1687 Gandace
643 1607 800 1706 accepit,
826 1608 1009 1708 magisque
1033 1605 1265 1682 abominabi-

194 1723 279 1798 liter
305 1724 545 1823 contemptis,
569 1749 635 1823 per
663 1722 861 1798 honoratos
888 1722 1045 1798 barones
1073 1725 1117 1796 ad
1145 1749 1268 1824 regem

194 1853 404 1915 reverenter
421 1838 634 1923 Matthaeum
650 1839 856 1939 apostolum
873 1842 1036 1915 accersiit
1045 1869 1056 1930 ;
1082 1865 1197 1941 eoque
1214 1841 1268 1914 in·

195 1954 401 2057 gradiente,
420 1954 492 2053 ipsa
514 1955 682 2054 protinus
701 1956 746 2029 ad
766 1981 881 2055 genua
902 1958 977 2054 ejus
993 1982 1031 2029 se
1045 1955 1263 2056 prostravit,

196 2090 235 2148 et
253 2071 409 2146 fideliter
426 2098 467 2144 ac
489 2071 618 2147 devote
642 2086 684 2145 ut
700 2068 817 2145 filium
835 2098 941 2145 suum
957 2073 1185 2146 resuscitaret
1199 2070 1269 2147 ob-

196 2188 361 2265 secravit.
380 2190 509 2262 Beatus
524 2203 646 2262 autem
663 2188 845 2288 apostolus
858 2186 971 2265 bonae
987 2188 1070 2264 fidei
1087 2192 1269 2290 ejus-con-

195 2306 395 2409 gratulatus
410 2323 483 2396 est,
511 2321 548 2380 et
565 2333 635 2406 pro
657 2307 929 2382 resuscitatione
944 2307 1109 2382 defuncti
1129 2309 1270 2381 cuncti·

195 2433 384 2525 potentem
400 2423 600 2498 Dominum
616 2423 825 2557 deprecatus
841 2442 908 2499 est.
924 2424 1063 2501 Deinde
1079 2426 1181 2526 pueri
1196 2450 1270 2498 ma·

196 2566 288 2615 num
305 2539 596 2641 apprehendits
587 2567 625 2613 m
647 2543 797 2616 nomine
819 2543 903 2618 Jesu
922 2542 1057 2617 Christi
1080 2566 1270 2644 exsurgere

196 2660 391 2761 praeemit,
406 2673 443 2733 et
458 2658 652 2734 confestim
669 2686 760 2760 puer
771 2662 988 2736 exsurrexit

246 2779 367 2851 Tanto
386 2775 612 2852 miraculo
578 2802 676 2864 vaso,
695 2801 760 2852 cor
774 2779 869 2879 regis
888 2779 1050 2878 expavit,
1071 2802 1224 2853 coronas
1236 2776 1268 2852 ei

195 2911 234 2971 et
246 2920 449 2996 purpuram
459 2911 581 2969 statam
593 2893 751 2970 deferri'
737 2895 864 2993 Jussit,
882 2909 918 2970 et
931 2919 1117 2995 praecones
1129 2918 1195 2994 per
1213 2893 1270 2965 ci-

196 3013 324 3087 vitates
340 3027 378 3086 et
395 3037 461 3111 per
477 3010 632 3086 diversas
644 3009 842 3112 AEthiopiae
858 3011 1061 3110 provincias
1074 3010 1191 3099 misit,
1210 3010 1270 3083 di-

197 3142 345 3202 centes:
363 3127 406 3200 V
401 3128 496 3200 snite
515 3126 571 3200 ad
590 3128 791 3217 civitatem,
809 3142 845 3200 et
866 3127 988 3200 uidete
1006 3127 1205 3199 Dominum
1231 3126 1270 3197 in

196 3243 316 3344 effigie
330 3243 490 3317 domitus
506 3242 688 3317 latentem.
704 3245 868 3346 Cumque
881 3244 1035 3320 venisset
1046 3243 1166 3317 omnis
1179 3241 1270 3314 mul·

195 3360 316 3434 titudo
331 3386 414 3435 cum
432 3360 542 3434 cereis
560 3375 597 3434 et
612 3360 855 3461 lampadibus,
876 3388 960 3434 cum
980 3359 1215 3462 thymiamate
1231 3372 1269 3432 et

195 3475 338 3555 diverso
365 3475 625 3550 sacrificiorum
651 3503 804 3577 genere,
832 3495 976 3551 sanctus
1000 3475 1193 3550 Matthaeus
1216 3475 1268 3549 sic

196 3591 395 3694 alloquitur
411 3617 537 3666 omnes
563 3623 572 3665 :
595 3595 684 3694 Ego
707 3597 810 3668 Deus
833 3622 908 3669 non
929 3621 1028 3684 sum,
1055 3593 1124 3669 sed
1146 3618 1268 3668 servus

198 3710 270 3784 Dei
292 3714 566 3812 omnipotentis,
590 3712 655 3810 qui
679 3738 736 3784 me
756 3714 855 3785 misit
876 3712 931 3785 od
945 3738 1032 3803 nos,
1057 3728 1095 3784 ut
1113 3735 1266 3783 errorem

201 3828 410 3929 relinquatis
417 3886 431 3920 ,
452 3853 648 3929 verumque
663 3831 863 3904 Dominum
882 3845 1138 3930 cognoscentes
1159 3827 1268 3902 eola-

232 4212 272 4279 (ι)
289 4209 364 4264 lisca
379 4234 384 4263 :
398 4209 600 4281 Euphoeaissa.
