2894 4958
196 413 255 475 tut
469 414 653 476 HISTORIA
673 414 977 478 Bcctttslls‘rtcl.

243 533 403 633 Pelagius
414 533 617 623 Romanus,
635 560 678 608 ex
694 551 796 632 patre
805 537 944 611 Joanne
955 536 1157 627 vicariano,
1173 538 1263 612 sedit

195 650 298 721 annis
327 673 365 720 xr
395 647 576 721 mensibus
606 673 631 721 x
661 647 785 722 diebus
813 675 934 726 xxvu.
967 652 1046 727 Duo
1079 654 1258 753 episcopi,

193 767 348 840 Joannes
363 764 408 839 de
428 766 570 838 Perusia
594 781 630 839 et
652 769 773 840 Bonus
796 765 841 842 de
859 769 1103 843 Reverentiuo
1123 771 1204 870 (ι),
1225 785 1260 844 et

191 882 352 957 Andreas
368 880 557 983 presbyter
573 882 617 957 de
633 883 730 957 Ostia
749 883 866 983 ipsum
881 885 1095 985 pontificem
1110 887 1259 960 ordiun-

192 1015 338 1072 verunt.
358 997 556 1071 Multitudo
583 999 680 1071 enim
703 1000 977 1100 religiosorum,
997 1001 1203 1100 sapientum
1224 1019 1259 1075 et

192 1115 374 1191 nobilium
391 1113 437 1188 ab
454 1121 527 1209 ejus
544 1117 802 1192 commuuione
821 1144 858 1190 se
873 1114 1117 1207 subtraxerat,
1138 1117 1257 1192 dioeus

191 1234 292 1334 quod
308 1232 469 1334 Pelagius
487 1233 523 1304 in
541 1250 659 1308 morte
676 1233 798 1334 Vigilii
812 1261 913 1334 papae
929 1261 966 1308 se
981 1235 1201 1327 immiscuit,
1218 1250 1256 1308 ut

190 1349 301 1422 tantis
316 1349 437 1448 poenis
454 1348 680 1449 affligeretur.
695 1349 856 1451 Pelagius
874 1375 960 1451 ergo
974 1377 1066 1450 papa
1082 1365 1119 1424 et
1132 1351 1256 1424 Narra

190 1465 382 1540 eonsilium
399 1465 579 1553 inierunt,
600 1465 752 1567 dataque
767 1468 897 1540 letania
917 1466 961 1539 ad
982 1483 1150 1540 sanetum
1166 1468 1256 1540 Pan-

190 1582 364 1670 cratium,
384 1606 467 1654 cum
484 1580 629 1681 hymnis
645 1598 682 1656 et
698 1584 845 1657 canticis
862 1583 1129 1683 spiritualibus,
1150 1610 1254 1658 reue-

188 1699 500 1773 runtadsanctum
507 1702 877 1801 Petrumapostolum.
887 1704 1047 1804 Pelagius
1055 1728 1145 1777 vero
1155 1729 1252 1802 papa,

189 1834 315 1893 teneus
342 1818 578 1919 Evangelium
603 1835 640 1892 et
667 1845 810 1893 crucem
840 1821 983 1893 Domini
1016 1846 1126 1919 super
1154 1832 1255 1918 eaput

189 1962 313 2022 suum,
335 1936 373 2008 in
390 1936 546 2010 ambone
562 1936 738 2026 ascendit,
754 1953 790 2011 et
807 1937 857 2009 sic
877 1939 977 2012 omni
997 1937 1139 2036 populo
1156 1938 1254 2009 satis·

187 2050 275 2124 fecit
297 2053 381 2152 quia
400 2051 544 2125 nullum
563 2053 699 2125 malum
715 2054 907 2153 peregisset
926 2069 1052 2126 contra
1068 2052 1251 2153 Vigilinm.

188 2168 386 2269 Episcopus
413 2193 502 2242 xtrx
530 2170 764 2243 consecravit.
794 2171 838 2241 ln
863 2166 1007 2241 basilica
1035 2167 1134 2242 beati
1164 2166 1254 2241 Petri

177 2285 339 2386 spostoli
358 2302 410 2359 v1⁰
425 2313 539 2361 nonas
555 2287 675 2358 martii
694 2283 853 2384 sepultus
870 2303 941 2374 est,
960 2301 996 2359 et
1014 2287 1165 2359 cessavit
1180 2285 1255 2385 epi-

187 2415 353 2499 scopatus
368 2399 550 2474 mensibus
568 2426 608 2472 111
621 2400 679 2500 (2)
697 2398 821 2472 diebus
837 2401 941 2497 xxv(
966 2401 993 2496 ).

236 2515 391 2595 Joannes
405 2517 605 2607 Romanus,
623 2542 666 2588 ex
681 2528 781 2613 patre
798 2515 982 2588 Anastasio
1001 2515 1156 2602 illustri,
1170 2513 1256 2588 sedit

187 2633 291 2707 annis
307 2657 360 2704 x11
381 2631 562 2705 mensibus
578 2656 615 2703 ru
633 2629 759 2705 diebus
774 2655 880 2705 xxvi.
900 2634 1005 2704 Tunc
1025 2632 1155 2707 Heruli
1173 2634 1254 2705 sin-

187 2749 269 2824 dual
279 2749 346 2822 sibi
361 2775 482 2849 regem
494 2747 677 2836 lecerunt,
693 2763 729 2820 et
740 2772 887 2820 omnem
901 2746 1038 2836 ltaliam
1051 2736 1255 2846 opprimere

187 2883 392 2967 coeperunt.
407 2865 475 2939 Sed
487 2865 629 2952 Narses,
640 2864 761 2938 occiso
774 2891 869 2964 rege,
880 2864 1032 2938 viriliter
1043 2863 1126 2938 illos
1138 2864 1254 2963 subju-

188 2987 297 3087 gavit.
317 2984 515 3082 Amingum
532 3008 677 3082 quoque
699 2995 736 3055 et
756 2982 991 3071 Bucelinum,
1014 2981 1123 3055 duces
1141 2984 1255 3055 Fran-

187 3129 315 3177 corum
337 3117 539 3201 prementes
564 3100 720 3188 ltaliam,
739 3102 888 3198 juvante
909 3100 987 3173 Deo
1013 3101 1191 3197 peremit,
1220 3112 1254 3172 et

186 3249 333 3297 omnem
350 3220 486 3293 Italiam
507 3220 545 3291 in
563 3245 648 3316 pace
665 3234 702 3291 et
723 3216 848 3289 laetitia
869 3216 1076 3290 custodivit.
1098 3217 1251 3294 Romani

185 3366 273 3415 vero
286 3366 350 3440 per
360 3335 529 3411 invidiam
543 3362 624 3410 eum
639 3334 733 3436 apud
745 3336 988 3413 Justinianum
999 3348 1253 3411 accusaverunt

220 3738 258 3807 (ι)
276 3738 351 3791 Lisez
368 3759 373 3789 :
389 3735 425 3790 de
440 3734 599 3790 Ferentino.
614 3733 687 3793 C'est
698 3749 753 3786 une
766 3730 829 3785 ville
841 3727 996 3803 episcopale
1008 3727 1044 3784 de
1057 3727 1086 3783 la
1096 3727 1251 3802 campagus

187 3826 350 3988 delilogius
366 3916 392 3971 le
408 3914 560 3971 manuscrit
575 3914 611 3969 de
629 3900 846 3969 saint-Erroult
868 3909 895 3967 le
913 3909 1011 3966 chiffl-e
1028 3909 1078 3966 des
1095 3909 1169 3966 mois
1183 3927 1198 3963 a
1210 3907 1250 3962 ete

186 4005 266 4060 omis.

219 4091 258 4163 (5)
276 4089 321 4161 [16
336 4091 404 4145 avril
420 4090 504 4146 5554
522 4109 595 4146 mars
611 4089 687 4162 560.)
704 4089 752 4149 On
771 4099 900 4144 trouvera
914 4086 1065 4162 l'epitaphe
1082 4084 1120 4141 de
1136 4103 1168 4142 oe
1183 4097 1248 4158 pope

185 4185 253 4239 daus
266 4181 400 4251 Ariughi,
416 4182 504 4237 Iloma
516 4183 709 4248 subterranea,
726 4199 751 4250 r,
766 4198 795 4253 p.
813 4177 870 4266 16r.
