2916 4958
575 367 691 429 LIBER
712 365 868 429 PRIMUS.
1214 365 1255 428 69

189 489 315 563 omnia
339 489 447 562 docet
470 513 536 562 nos
563 486 694 562 debere
717 487 882 560 oratione
910 485 1059 557 muniri.
1086 483 1192 557 Unde
1218 499 1255 558 et

190 621 341 705 propter
362 590 752 682 trinamtentationem
774 603 947 703 passionis
967 615 1087 701 potest
1104 600 1256 701 intelligi

161 729 167 740 ”
190 722 443 796 Dominus-ter
457 746 588 797 orasse.

237 839 394 913 Jonnnes
412 838 559 938 insignis
581 836 768 937 theologus
785 835 909 908 asserit
929 832 1028 934 quod
1046 837 1146 908 lesus
1161 847 1258 934 post

190 981 299 1056 quam
317 955 423 1054 pedes
446 956 541 1028 Petri
566 955 686 1054 primo
710 952 870 1025 multum
893 949 1138 1050 prohibentis,
1165 950 1258 1024 alio-

190 1097 354 1174 rumque·
363 1072 469 1160 lavit,
493 1073 589 1146 inter
612 1072 762 1172 mystica
779 1067 887 1144 verba
907 1067 1128 1168 propheticae
1144 1070 1257 1168 scrip·

193 1205 285 1263 turae
297 1190 511 1264 auctoritate
524 1187 751 1289 proditorem
766 1187 883 1260 adhuc
896 1189 1038 1262 occulte
1050 1184 1236 1261 denotavit
1244 1241 1255 1276 ,

188 1302 336 1376 dicens:
357 1304 432 1402 Qui
448 1303 650 1377 manducat
663 1330 801 1378 meeum
816 1330 970 1404 panem,
991 1302 1120 1378 levabit
1132 1318 1259 1377 contra

191 1446 248 1492 me
263 1419 481 1519 calcaneum
497 1448 617 1493 suzim.
633 1420 770 1495 Deinde
786 1446 869 1493 cum
881 1420 1093 1495 decrevisset
1110 1446 1192 1493 eum
1205 1446 1258 1493 se·

191 1533 312 1609 cundo
331 1535 580 1626 manifestare,
604 1535 770 1611 turbatus
793 1552 846 1610 est
870 1537 1001 1636 spiritu
1030 1553 1068 1611 et
1086 1551 1260 1637 protesta-

192 1667 249 1724 tus
269 1666 324 1725 est
346 1666 384 1726 et
400 1653 494 1725 dixit
514 1681 523 1722 ε
546 1655 686 1744 Amen,
707 1681 816 1727 amen
831 1653 917 1726 dico
933 1654 1038 1727 nobis
1060 1655 1150 1753 quin
1166 1678 1259 1725 unus

191 1795 240 1840 er
256 1768 361 1843 uobis
383 1769 503 1844 trudet
517 1795 586 1842 me.
607 1766 838 1869 Aspiciebant
857 1795 944 1869 ergo
958 1769 1004 1842 nd
1018 1769 1170 1842 invicem
1189 1769 1259 1844 dis·

190 1884 302 1984 cipuli
308 1884 534 1977 ,hesitantes
543 1883 587 1958 de
595 1910 670 1988 quo
680 1884 828 1959 diceret.
840 1885 967 1959 Simon
977 1887 1103 1959 Petrus
1111 1885 1258 1975 Joanni,

189 2002 254 2101 qui
268 2027 374 2101 supra
388 2017 513 2102 pectus
525 2005 610 2077 Jesu
621 1998 873 2091 recumbebat,
890 2001 1034 2090 innuit,
1052 2016 1089 2075 et
1104 2001 1260 2076 Joannet

193 2118 428 2219 interrogavit
447 2147 456 2189 τ
475 2120 653 2210 Domine,
670 2121 752 2220 quis
770 2117 852 2193 est?
864 2118 952 2207 Ille,
974 2118 1113 2219 inquit,
1131 2134 1184 2191 est
1199 2120 1262 2191 cui

192 2263 259 2335 ego
282 2239 474 2311 intinctum
489 2265 630 2339 panem
648 2263 861 2338 porreoeero.
885 2238 933 2309 Et
956 2261 1040 2309 cum
1056 2236 1261 2309 intinxisset

192 2377 342 2449 panem,
365 2350 464 2426 dedit
485 2353 587 2425 Judae
603 2352 761 2427 Simonis
782 2349 994 2425 scariothis.
1011 2354 1059 2424 Et
1075 2368 1157 2452 post
1171 2349 1261 2424 bue·

190 2469 340 2561 cellam,
368 2487 459 2542 tunc
486 2470 655 2545 introivit
680 2472 719 2543 in
745 2471 848 2544 illum
875 2473 1018 2543 Satanas
1043 2485 1080 2544 et
1108 2469 1197 2543 dicit
1226 2469 1259 2543 ei

189 2586 313 2661 lesus:
338 2587 453 2687 Quod
449 2588 579 2685 facis,
581 2585 659 2689 sac
672 2591 792 2663 citius.
808 2589 886 2661 Hoc
903 2603 1023 2661 autem
1036 2612 1144 2661 nemo
1156 2586 1261 2658 scivit

192 2703 496 2783 discumbentium
516 2706 561 2782 ad
582 2705 671 2807 quid
691 2705 825 2779 dixerit
838 2706 884 2778 ei.
904 2704 969 2779 llle
985 2718 1068 2804 post
1082 2701 1159 2776 haec
1173 2702 1261 2777 exiit

190 2824 384 2897 continuo.
411 2825 502 2898 Erat
519 2840 640 2898 autem
662 2851 750 2899 nox.
771 2825 863 2897 Cum
886 2849 973 2923 ergo
990 2823 1152 2913 exiisset,
1169 2822 1261 2894 dixit

188 2941 291 3015 lesus
313 2972 323 3013 ε
344 2942 389 3015 Ν
387 2969 459 3015 unc
475 2942 699 3042 clarificatus
716 2958 769 3014 est
783 2941 907 3015 Filius
924 2940 1096 3029 bominis,
1113 2956 1147 3010 et
1158 2939 1261 3011 Deus

193 3056 417 3153 olarficatus
440 3073 494 3130 est
515 3059 554 3129 in
577 3083 633 3129 eo.
659 3058 709 3131 Et
729 3056 796 3129 alia
811 3055 926 3129 multa
942 3055 1035 3128 dixit
1055 3055 1157 3126 mirae
1175 3080 1259 3154 pro-

194 3171 381 3245 funditatis
401 3174 507 3247 verba
523 3173 567 3247 dc
583 3200 666 3247 vera
683 3174 749 3247 Dei
771 3188 808 3247 et
824 3172 981 3273 proximi
1000 3170 1193 3267 charitate,
1217 3172 1261 3247 de

196 3289 385 3363 Trinitatis
408 3292 567 3377 unitate,
593 3291 638 3365 de
661 3292 758 3364 trina
774 3292 871 3366 Petri
890 3291 1101 3388 negatione,
1120 3307 1157 3364 et
1178 3292 1261 3392 Spi-

195 3403 286 3481 ritus
315 3405 435 3477 Sancti
469 3407 632 3480 Paracliti
662 3406 819 3479 adventu
849 3422 885 3479 et
914 3405 1161 3480 consolatione
1173 3436 1184 3496 ς
1216 3408 1261 3483 de

69 3613 72 3620 ¹
196 3519 449 3621 mandatorum
466 3524 535 3597 Dei
559 3523 810 3609 observatione
833 3538 870 3596 et
890 3522 988 3596 felici
1004 3521 1189 3597 bonorum
1208 3552 1264 3599 re-

196 3639 469 3727 muneratione,
493 3639 539 3712 de
554 3638 717 3713 fidelium
739 3639 989 3738 persecutione
1009 3653 1046 3711 et
1064 3636 1265 3715 infidelium

196 3751 429 3827 inexcusabili
443 3753 674 3828 damnatione
682 3782 694 3844 3
714 3753 759 3828 de
770 3753 1031 3854 discipulorum
1044 3753 1264 3855 dispersione

189 3885 233 3942 >et
249 3871 406 3943 instante
419 3872 495 3969 jam
512 3871 566 3942 sui
583 3871 760 3971 passione.
1181 3967 1188 3977 .

245 3984 523 4084 lncomparabili
540 3986 648 4061 finito
666 4014 850 4077 sermone,
870 3990 970 4063 Jesus
985 3989 1110 4063 oculos
1130 3990 1167 4062 in
1186 4016 1266 4064 coe-

197 4101 275 4173 lum
298 4099 516 4194 sublevavit,
545 4120 582 4178 ct
604 4104 843 4181 exaudibilem
868 4107 965 4181 Patri
988 4132 1058 4207 pro
1083 4105 1266 4208 discipulis
