2894 4958
536 408 653 470 LIBER
673 407 884 470 SECUNDUS.
1189 398 1250 467 419

183 532 253 608 Sed
269 531 376 630 paulo
390 543 489 629 post,
506 543 600 601 nutu
615 528 703 615 Dei,
724 538 767 598 11⁰
786 525 864 599 idus
880 523 1041 601 octobris
1061 522 1252 598 defunctus

183 665 249 724 est.
279 650 385 720 Hunc
414 646 589 718 nimirum
617 643 771 743 plurima
798 642 994 716 multitudo
1023 640 1251 742 sequebatur.

184 761 396 840 Bonesacius
419 759 637 860 presbyteris
658 775 695 833 et
718 759 896 848 diaconis,
923 758 1145 856 notariisque
1169 784 1253 830 scu-

185 880 286 954 tellas
302 879 346 952 de
365 875 633 951 haereditatibus
650 876 805 965 obtulit,
824 892 862 949 et
876 875 1055 949 alimoniis
1074 875 1197 947 multis
1215 875 1254 946 in

184 994 348 1095 periculo
363 993 467 1066 famis
485 993 582 1066 clero
599 993 780 1065 subvenit.
802 993 844 1064 ln
861 991 1004 1063 basilica
1014 991 1138 1063 ‚Sancti
1158 990 1255 1063 Petri

186 1111 339 1212 apostoli
357 1111 539 1211 synodum
552 1109 800 1209 congregavit,
824 1124 860 1182 et
875 1108 1049 1208 Vigilium
1070 1107 1257 1182 diaconem

187 1227 256 1302 sibi
273 1252 512 1300 successorem
528 1225 634 1323 elegit
640 1254 652 1312 ;
674 1224 734 1297 sed
751 1222 832 1296 inde
848 1240 969 1322 postea
987 1223 1170 1322 poenitens
1183 1247 1256 1294 suae

187 1345 463 1444 subscriptionis
482 1340 762 1442 chirographum
781 1343 818 1414 in
835 1343 1026 1439 praesentia
1045 1340 1130 1415 cleri
1147 1358 1184 1415 et
1200 1368 1260 1415 se-

185 1478 291 1536 natus
322 1459 495 1536 incendit.
525 1462 567 1532 ln
589 1457 733 1531 basilica
755 1459 868 1530 sancti
892 1459 989 1531 Petri
1016 1458 1174 1557 apostoli.
1191 1457 1258 1532 sub

186 1576 244 1650 die
262 1591 356 1652 xvu⁰
375 1576 506 1649 mensis
519 1571 680 1647 octobris
697 1573 856 1671 sepultus
873 1588 948 1662 est,
967 1589 1003 1645 et
1024 1575 1171 1647 cessavit
1184 1575 1261 1673 epi-

191 1707 356 1791 scopatus
375 1717 513 1764 menses
529 1689 642 1778 duos,
660 1689 735 1762 dies
746 1687 983 1788 quindecim(
1006 1689 1036 1787 ).

236 1810 391 1882 Joannes
408 1807 609 1882 Mercurius
629 1806 833 1893 Romanus,
854 1832 897 1878 ex
915 1821 1017 1902 patre
1035 1807 1201 1903 Projecto
1216 1808 1260 1878 de

189 1926 471 2012 Coelio-monte,
498 1924 588 1998 sedit
607 1924 711 1997 annis
734 1948 761 1994 11
784 1921 965 1996 mensibus
989 1951 1024 1995 1v
1048 1922 1175 1998 diebus
1196 1950 1259 2014 vr,

190 2043 417 2144 temporibus
442 2041 637 2115 Athalarici
664 2056 701 2114 et
725 2042 931 2115 Justiniani.
960 2042 1159 2142 Religiosus
1185 2041 1262 2114 Au-

188 2178 312 2264 gustus
326 2187 468 2235 summo
484 2185 608 2233 amore
623 2157 828 2231 christianae
841 2160 1025 2259 religionis
1040 2159 1147 2233 fidem
1160 2187 1260 2234 suam

189 2280 353 2379 scripsit,
383 2278 644 2378 propriumque
675 2273 954 2376 chirographum
984 2301 1067 2347 cum
1095 2278 1262 2375 pretiosis

190 2394 403 2468 muneribus
419 2422 485 2496 per
497 2393 714 2494 Eparchium
732 2408 769 2466 et
783 2394 1007 2467 Demetrium
1024 2394 1105 2468 Sedi
1122 2411 1262 2496 aposto·

189 2514 270 2586 licae
290 2516 401 2586 misit.
422 2516 577 2588 Joannes
594 2512 778 2611 episcopos
795 2537 858 2586 xxi
881 2515 1113 2586 consecravit.
1132 2515 1175 2587 ln
1193 2513 1261 2587 ba-

190 2631 289 2704 silica
305 2629 399 2704 beati
417 2631 513 2703 Petri
530 2629 682 2730 apostoli
696 2638 753 2702 v1⁰
766 2629 834 2701 kat.
844 2631 939 2728 junii
952 2630 1112 2729 sepultus
1132 2647 1204 2719 est,
1224 2649 1260 2704 et

191 2750 338 2821 cessavit
355 2749 578 2847 episcopatus
595 2745 669 2821 dies
683 2772 721 2819 v1
738 2749 753 2846 (
777 2746 807 2844 ).

240 2863 412 2962 Agapitus
425 2863 631 2949 Romanus,
653 2888 696 2934 ex
709 2876 811 2961 patre
823 2859 1008 2933 Gordiano
1023 2861 1257 2962 presbytero,

191 2978 281 3052 sedit
304 2976 487 3052 mensibus
506 3001 545 3050 xv
562 2977 689 3051 diebus
707 3003 812 3051 xvur.
839 2978 906 3049 Hie
926 3004 945 3048 a
963 2976 1150 3052 Theodoto
1176 3007 1260 3080 rege

227 3277 267 3347 (ι)
285 3275 331 3344 (ι5
344 3276 456 3331 octobre
468 3274 573 3331 530-16
585 3275 733 3330 novembre
742 3274 818 3346 532.)
831 3277 868 3330 Le
880 3295 945 3331 nom
958 3276 997 3331 du
1008 3280 1074 3351 phrc
1083 3277 1118 3334 de
1130 3297 1161 3334 ce
1173 3299 1260 3355 pape,

192 3382 248 3438 que
258 3374 338 3418 notre
352 3375 451 3419 auteur
462 3383 478 3418 a
490 3362 629 3436 defigunt,
642 3365 730 3437 parcit
744 3365 820 3419 avoir
832 3367 876 3420 ete
887 3365 1038 3439 Sigiswult.
1051 3366 1098 3422 On
1110 3369 1169 3424 voit
1177 3388 1227 3442 par
1236 3370 1262 3424 tt

192 3452 263 3528 qu'il
274 3454 341 3508 etait
353 3454 432 3510 Goth
446 3453 597 3527 d'origine,
612 3456 734 3528 quoique
748 3455 868 3510 Romaiu
881 3455 916 3510 de
932 3456 1081 3512 naissauce.
1094 3458 1149 3513 Par
1162 3457 1187 3513 le
1202 3468 1262 3515 mot

193 3543 332 3610 scutellae,
347 3542 367 3596 il
381 3543 441 3596 saut
452 3541 586 3598 enteudre
602 3541 651 3596 des
670 3542 787 3599 e'cueiles
805 3545 936 3618 chargees
952 3545 1116 3602 d’aliments.
1131 3547 1263 3604 Dioscore

194 3649 231 3685 ne
243 3640 358 3685 mourut
371 3647 418 3702 pas
430 3628 498 3684 dans
510 3629 536 3685 le
547 3630 617 3685 mois
629 3629 785 3699 d’octobre‚
801 3632 870 3686 mais
882 3632 907 3687 le
924 3650 954 3687 m
964 3634 1122 3690 novembre.
1134 3624 1263 3693 Bonishce

195 3718 240 3772 fut
253 3719 363 3772 enterre
375 3735 438 3772 sous
451 3717 477 3772 le
492 3719 596 3791 porche
609 3717 645 3772 de
658 3718 855 3775 saint-Pierre.

230 3805 270 3876 (2)
288 3806 332 3874 (ια
342 3805 450 3878 janvier
461 3803 564 3881 533-27
579 3807 635 3861 mai
646 3803 721 3877 555.)
734 3805 781 3862 On
793 3809 846 3862 sait
860 3826 915 3882 que
927 3806 953 3862 le
966 3819 1046 3863 mont
1055 3809 1173 3878 Caelius,
1186 3813 1263 3886 place

196 3912 232 3947 au
245 3893 321 3948 s.·F.
336 3894 372 3949 de
384 3895 486 3963 Rome,
507 3895 622 3951 donuait
635 3914 684 3950 son
702 3914 768 3950 nom
785 3899 801 3950 h
817 3896 843 3950 la
861 3896 1006 3952 deuxieme
1024 3898 1120 3972 region
1139 3899 1175 3955 de
1193 3914 1265 3958 cette

195 3984 260 4039 ville
280 3983 348 4039 dans
368 3985 393 4041 la
413 3986 640 4059 circonscription
663 3985 816 4059 d'huguste
836 3987 1079 4060 (Caelimontana).
1098 3990 1135 4044 La
1152 3993 1265 4048 mission

197 4073 339 4146 d’Hypace
351 4077 390 4146 (et
404 4094 459 4130 uon
472 4093 519 4148 pas
529 4063 692 4148 bparchius)
703 4086 731 4130 et
744 4076 902 4130 Demetrius
910 4079 1009 4150 auprds
1019 4077 1058 4132 du
1073 4100 1141 4154 pape
1151 4094 1200 4138 eut
1209 4083 1265 4138 lieu

199 4178 233 4213 en
247 4158 310 4216 533.
440 4176 441 4179 ’
