2894 4958
520 440 640 502 LIBER
661 439 872 502 SECUNDUS.
1173 443 1231 500 277

166 589 241 634 cam
258 560 478 647 deauratam,
500 585 582 633 cum
610 583 648 631 tv
675 557 782 630 mulis
805 556 981 644 candidis,
1008 556 1232 658 totidemque

166 678 284 779 equis,
303 676 413 776 gratis
425 675 562 748 sanavit
578 689 614 746 et
629 699 756 748 omnes
773 673 817 746 ad
834 671 941 747 fidem
954 674 1132 747 invitavit.

211 793 346 865 Passim
364 791 517 890 apostoli
540 790 632 862 fama
656 817 721 890 per
737 789 982 863 Macedoniam
1001 789 1170 864 currebat
1188 790 1233 864 de

166 906 361 983 virtutibus
385 933 473 1008 quas
500 906 594 981 idem
620 932 727 1005 super
754 905 918 980 infirmos
943 905 1107 981 faciebat.
1134 905 1235 980 Viri-

166 1052 235 1099 nus
250 1026 304 1123 (t)
322 1050 408 1125 ergo
430 1022 624 1124 proconsul
647 1039 773 1097 contra
791 1049 875 1097 enm
891 1024 1091 1097 concitatus
1108 1039 1180 1112 est,
1200 1039 1237 1097 et

165 1141 457 1217 Thessalonicam
482 1141 614 1215 milites
635 1141 752 1230 misit,
781 1156 824 1213 ut
848 1165 933 1215 eum
958 1138 1238 1240 comprehende-

166 1273 250 1333 rent
256 1286 268 1347 3
289 1255 350 1330 sed
363 1257 441 1330 viso
454 1254 598 1354 fulgore
615 1257 735 1328 vultus
752 1257 826 1355 ejus
841 1256 1018 1356 attingere
1040 1254 1143 1328 illum
1161 1280 1237 1329 non

166 1374 241 1447 ausi
261 1371 422 1448 fuerunt.
441 1373 571 1472 Populi
588 1396 676 1446 vero
698 1373 737 1445 in
754 1373 870 1446 Deum
890 1373 1092 1462 credentes,
1114 1389 1156 1445 ut
1172 1373 1241 1445 mi-

167 1490 250 1564 lites
264 1489 350 1561 illuc
362 1489 501 1563 venisse
520 1513 589 1590 pro
602 1488 749 1562 laesione
762 1489 915 1587 apostoli
928 1489 1138 1577 audierunt,
1158 1489 1239 1560 irati

167 1605 293 1710 gladiis
306 1622 344 1680 et
354 1604 508 1679 fustibus
519 1632 581 1680 eos
596 1606 803 1680 interimere
817 1605 1030 1694 voluerunt;
1045 1605 1105 1680 sed
1118 1603 1243 1706 prohi-

169 1724 280 1800 bente
292 1723 476 1824 apostolo,
490 1724 550 1796 vix
562 1750 689 1797 manus
701 1750 721 1795 a
733 1721 830 1797 caede
840 1722 1098 1797 cohibuerunt.
1112 1724 1242 1797 Denuo

168 1843 368 1944 proconsul
386 1843 484 1915 misit
500 1842 654 1929 milites,
674 1840 735 1915 sed
752 1841 842 1940 ipsi,
862 1858 905 1914 ut
920 1840 1124 1940 apostolum
1138 1839 1243 1913 vidc-

170 1975 280 2050 runt,
300 1958 435 2032 turbati
451 1957 543 2032 nihil
564 1959 747 2034 dixerunt.
768 1960 934 2060 Denique
952 1959 1060 2032 tertio
1080 1983 1243 2058 procon-

171 2073 229 2148 sul
258 2073 532 2148 multitudinem
559 2073 719 2147 militum
751 2073 875 2163 misit,
911 2094 1068 2174 quorum
1099 2099 1193 2145 unus
1224 2101 1243 2145 a

171 2191 340 2267 daemone
354 2208 519 2291 arreptus
537 2205 610 2279 est,
627 2206 664 2266 et
681 2192 718 2263 in
736 2188 920 2264 absentem
936 2190 1140 2263 truculenta
1156 2216 1245 2289 pro-

174 2310 360 2387 consulem
373 2308 480 2384 verba
497 2309 639 2383 locutus
653 2323 719 2382 est.
735 2307 873 2383 Deinde
884 2306 1106 2381 daemonium
1124 2334 1245 2408 egres-

174 2453 255 2499 sum
284 2439 358 2513 est,
387 2442 425 2499 et
454 2425 556 2499 miles
586 2424 714 2498 cecidit
741 2451 783 2497 ac
814 2441 981 2498 mortuus
1010 2440 1076 2498 est.
1107 2427 1246 2500 lntcrea

174 2542 373 2643 proconsul
389 2569 521 2642 magno
534 2569 617 2615 cum
628 2542 753 2616 furore
766 2542 885 2630 venit,
905 2557 942 2616 et
954 2568 1053 2617 secus
1067 2542 1247 2616 Andream

177 2660 383 2761 apostolum
402 2675 520 2748 stans,
544 2687 627 2733 eum
649 2660 770 2733 videre
787 2683 864 2732 non
886 2659 1029 2758 potnit,
1049 2656 1165 2733 donec
1187 2660 1247 2733 lo-

176 2792 351 2876 quentem
364 2775 500 2849 audivit
505 2804 517 2864 ;
534 2776 678 2850 tandem
694 2775 817 2864 miser,
833 2789 1051 2850 utsanctum
1061 2776 1125 2849 Dei
1138 2774 1246 2865 vidit,

177 2891 313 2994 probra
331 2894 516 2994 minasque
534 2893 572 2966 in
591 2892 696 2965 illum
707 2892 891 2991 jaculavit.
911 2891 981 2964 Sed
998 2891 1177 2993 benignus
1194 2894 1250 2966 vir

177 3008 419 3085 furibundum
437 3009 594 3111 judicem
618 3009 783 3083 dulcibus
807 3009 960 3111 eloquiis
981 3011 1146 3113 mitigare
1169 3027 1249 3084 stu-

179 3128 279 3218 duit,
291 3129 448 3230 fusisquc
461 3128 628 3229 precibus
644 3127 688 3200 ad
698 3128 915 3217 Dominum,
931 3126 1085 3203 militem
1096 3127 1249 3204 defunc-

181 3261 260 3319 tum
291 3247 525 3319 resuscitavit.
556 3244 756 3320 Proconsul
789 3271 876 3319 vero
904 3242 1019 3319 adhuc
1050 3247 1088 3318 in
1114 3247 1249 3319 insania

178 3361 390 3460 permansit.
410 3361 521 3435 Facto
537 3387 642 3435 mane
659 3361 767 3459 jussit
785 3360 877 3435 feras
899 3362 937 3433 in
957 3360 1112 3435 stadium
1129 3361 1250 3434 intro-

181 3477 280 3550 mitti
313 3492 350 3551 et
376 3475 522 3550 beatum
546 3475 751 3577 apostolum
780 3474 896 3566 trahi,
925 3475 1081 3578 ferisque
1106 3477 1248 3576 projici.

182 3593 323 3666 Furiosi
340 3618 427 3666 vero
446 3591 592 3668 clientes
609 3592 713 3667 illum
734 3619 799 3693 per
815 3590 962 3692 capillos
983 3606 1190 3683 traxerunt,
1211 3594 1249 3666 in

184 3734 327 3783 arenam
339 3712 589 3808 projecerunt,
604 3736 803 3809 aprumque
815 3709 974 3784 ferocem
987 3724 1024 3783 et
1036 3706 1250 3785 horribilem

185 3824 412 3900 dimiserunt.
433 3827 503 3920 Qui
517 3843 681 3900 sanctum
698 3827 762 3901 Dei
776 3841 833 3900 ter
846 3827 1071 3920 circumivit,
1085 3827 1146 3901 sed
1157 3827 1248 3902 nihil

190 4056 599 4068 *Ἥ

220 4201 260 4271 (ι)
277 4199 372 4255 cruz:
392 4201 532 4274 Quirine.
