<?xml version="1.0" encoding="UTF-8"?>
<!DOCTYPE html PUBLIC "-//W3C//DTD XHTML 1.0 Transitional//EN"
    "http://www.w3.org/TR/xhtml1/DTD/xhtml1-transitional.dtd">
<html xmlns="http://www.w3.org/1999/xhtml" xml:lang="en" lang="en">
 <head>
  <title>
</title>
<meta http-equiv="Content-Type" content="text/html;charset=utf-8" />
  <meta name='ocr-system' content='tesseract 3.04.00' />
  <meta name='ocr-capabilities' content='ocr_page ocr_carea ocr_par ocr_line ocrx_word'/>
</head>
<body>
  <div class='ocr_page' id='page_1' title='image "./ordericivitalis02deligoog/ordericivitalis02deligoog_0206.png"; bbox 0 0 2894 4958; ppageno 0'>
   <div class='ocr_carea' id='block_1_1' title="bbox 346 725 884 818">
    <p class='ocr_par' dir='ltr' id='par_1_1' title="bbox 346 725 884 818">
     <span class='ocr_line' id='line_1_1' title="bbox 346 725 884 818; baseline 0.007 -6"><span class='ocrx_word' id='word_1_1' title='bbox 346 726 523 813; x_wconf 89' lang='lat' dir='ltr'>LIBER</span> <span class='ocrx_word' id='word_1_2' title='bbox 557 725 884 818; x_wconf 89' lang='lat' dir='ltr'><strong>SECUNDUS.</strong></span> 
     </span>
    </p>
   </div>
   <div class='ocr_carea' id='block_1_2' title="bbox 102 1182 1152 1978">
    <p class='ocr_par' dir='ltr' id='par_1_2' title="bbox 102 1182 1152 1978">
     <span class='ocr_line' id='line_1_2' title="bbox 137 1182 1149 1291; baseline 0.012 -36"><span class='ocrx_word' id='word_1_3' title='bbox 137 1182 396 1255; x_wconf 75' lang='lat' dir='ltr'><strong>Ssuurrruuau</strong></span> <span class='ocrx_word' id='word_1_4' title='bbox 415 1182 571 1255; x_wconf 92' lang='lat' dir='ltr'><strong>humano</strong></span> <span class='ocrx_word' id='word_1_5' title='bbox 588 1184 709 1283; x_wconf 82' lang='lat' dir='ltr'><strong>generi</strong></span> <span class='ocrx_word' id='word_1_6' title='bbox 726 1185 985 1279; x_wconf 90' lang='lat' dir='ltr'><strong>visitationem,</strong></span> <span class='ocrx_word' id='word_1_7' title='bbox 1004 1193 1149 1291; x_wconf 88' lang='lat' dir='ltr'><strong>quando</strong></span> 
     </span>
     <span class='ocr_line' id='line_1_3' title="bbox 102 1298 1150 1403; baseline 0.01 -31"><span class='ocrx_word' id='word_1_8' title='bbox 102 1300 262 1399; x_wconf 83' lang='lat' dir='ltr'><strong>emporis</strong></span> <span class='ocrx_word' id='word_1_9' title='bbox 289 1298 623 1400; x_wconf 86' lang='lat' dir='ltr'><strong>plenitudovenit‚</strong></span> <span class='ocrx_word' id='word_1_10' title='bbox 654 1299 808 1374; x_wconf 88' lang='lat' dir='ltr'><strong>coelestis</strong></span> <span class='ocrx_word' id='word_1_11' title='bbox 835 1307 965 1403; x_wconf 86' lang='lat' dir='ltr'><strong>gratia,</strong></span> <span class='ocrx_word' id='word_1_12' title='bbox 997 1322 1039 1378; x_wconf 94' lang='lat' dir='ltr'><strong>ut</strong></span> <span class='ocrx_word' id='word_1_13' title='bbox 1067 1325 1150 1386; x_wconf 88' lang='lat' dir='ltr'><strong>ante</strong></span> 
     </span>
     <span class='ocr_line' id='line_1_4' title="bbox 102 1415 1151 1514; baseline 0.008 -27"><span class='ocrx_word' id='word_1_14' title='bbox 102 1415 215 1489; x_wconf 88' lang='lat' dir='ltr'><strong>nundi</strong></span> <span class='ocrx_word' id='word_1_15' title='bbox 241 1416 538 1490; x_wconf 88' lang='lat' dir='ltr'><strong>constitutionem</strong></span> <span class='ocrx_word' id='word_1_16' title='bbox 563 1415 796 1514; x_wconf 88' lang='lat' dir='ltr'><strong>praeviderat,</strong></span> <span class='ocrx_word' id='word_1_17' title='bbox 824 1419 1018 1495; x_wconf 89' lang='lat' dir='ltr'><strong>clementer</strong></span> <span class='ocrx_word' id='word_1_18' title='bbox 1047 1423 1151 1496; x_wconf 85' lang='lat' dir='ltr'><strong>exhi-</strong></span> 
     </span>
     <span class='ocr_line' id='line_1_5' title="bbox 102 1532 1151 1622; baseline 0.009 -18"><span class='ocrx_word' id='word_1_19' title='bbox 102 1532 191 1622; x_wconf 78' lang='lat' dir='ltr'><strong>suit,</strong></span> <span class='ocrx_word' id='word_1_20' title='bbox 212 1547 248 1606; x_wconf 92' lang='lat' dir='ltr'><strong>et</strong></span> <span class='ocrx_word' id='word_1_21' title='bbox 266 1535 358 1606; x_wconf 85' lang='lat' dir='ltr'><strong>circa</strong></span> <span class='ocrx_word' id='word_1_22' title='bbox 383 1532 608 1605; x_wconf 86' lang='lat' dir='ltr'><strong>novissimam</strong></span> <span class='ocrx_word' id='word_1_23' title='bbox 631 1533 751 1604; x_wconf 85' lang='lat' dir='ltr'><strong>saeculi</strong></span> <span class='ocrx_word' id='word_1_24' title='bbox 768 1533 895 1608; x_wconf 91' lang='lat' dir='ltr'><strong>horam</strong></span> <span class='ocrx_word' id='word_1_25' title='bbox 917 1536 1024 1610; x_wconf 90' lang='lat' dir='ltr'><strong>radiis</strong></span> <span class='ocrx_word' id='word_1_26' title='bbox 1047 1566 1151 1614; x_wconf 86' lang='lat' dir='ltr'><strong>novae</strong></span> 
     </span>
     <span class='ocr_line' id='line_1_6' title="bbox 103 1645 1152 1728; baseline 0.005 -7"><span class='ocrx_word' id='word_1_27' title='bbox 103 1648 179 1721; x_wconf 89' lang='lat' dir='ltr'><strong>ucis</strong></span> <span class='ocrx_word' id='word_1_28' title='bbox 197 1646 383 1722; x_wconf 88' lang='lat' dir='ltr'><strong>tenebrosa</strong></span> <span class='ocrx_word' id='word_1_29' title='bbox 399 1645 605 1720; x_wconf 77' lang='lat' dir='ltr'><strong>mortalium</strong></span> <span class='ocrx_word' id='word_1_30' title='bbox 620 1646 728 1718; x_wconf 87' lang='lat' dir='ltr'><strong>corda</strong></span> <span class='ocrx_word' id='word_1_31' title='bbox 743 1647 970 1723; x_wconf 80' lang='lat' dir='ltr'><strong>illuminavit.</strong></span> <span class='ocrx_word' id='word_1_32' title='bbox 991 1653 1152 1728; x_wconf 83' lang='lat' dir='ltr'><strong>Salvator</strong></span> 
     </span>
     <span class='ocr_line' id='line_1_7' title="bbox 102 1759 1152 1851; baseline 0.007 -18"><span class='ocrx_word' id='word_1_33' title='bbox 102 1761 187 1834; x_wconf 72' lang='lat' dir='ltr'><strong>enim</strong></span> <span class='ocrx_word' id='word_1_34' title='bbox 215 1776 338 1835; x_wconf 91' lang='lat' dir='ltr'><strong>noster</strong></span> <span class='ocrx_word' id='word_1_35' title='bbox 362 1762 460 1834; x_wconf 91' lang='lat' dir='ltr'><strong>Jesus</strong></span> <span class='ocrx_word' id='word_1_36' title='bbox 490 1759 669 1851; x_wconf 84' lang='lat' dir='ltr'><strong>Christus,</strong></span> <span class='ocrx_word' id='word_1_37' title='bbox 698 1778 739 1834; x_wconf 92' lang='lat' dir='ltr'><strong>ut</strong></span> <span class='ocrx_word' id='word_1_38' title='bbox 764 1762 915 1838; x_wconf 86' lang='lat' dir='ltr'><strong>altisona</strong></span> <span class='ocrx_word' id='word_1_39' title='bbox 944 1767 1055 1837; x_wconf 86' lang='lat' dir='ltr'><strong>sancti</strong></span> <span class='ocrx_word' id='word_1_40' title='bbox 1081 1794 1152 1840; x_wconf 84' lang='lat' dir='ltr'><strong>vox</strong></span> 
     </span>
     <span class='ocr_line' id='line_1_8' title="bbox 102 1876 1151 1978; baseline 0.007 -29"><span class='ocrx_word' id='word_1_41' title='bbox 102 1876 272 1977; x_wconf 63' lang='lat' dir='ltr'><strong>{vangelii</strong></span> <span class='ocrx_word' id='word_1_42' title='bbox 295 1902 360 1950; x_wconf 90' lang='lat' dir='ltr'><strong>nos</strong></span> <span class='ocrx_word' id='word_1_43' title='bbox 383 1877 556 1950; x_wconf 87' lang='lat' dir='ltr'><strong>veraciter</strong></span> <span class='ocrx_word' id='word_1_44' title='bbox 577 1877 743 1964; x_wconf 88' lang='lat' dir='ltr'><strong>instruit,</strong></span> <span class='ocrx_word' id='word_1_45' title='bbox 762 1893 826 1953; x_wconf 87' lang='lat' dir='ltr'><strong>xv⁰</strong></span> <span class='ocrx_word' id='word_1_46' title='bbox 853 1880 993 1978; x_wconf 92' lang='lat' dir='ltr'><strong>imperii</strong></span> <span class='ocrx_word' id='word_1_47' title='bbox 1013 1881 1151 1956; x_wconf 89' lang='lat' dir='ltr'><strong>Tiberii</strong></span> 
     </span>
    </p>
   </div>
   <div class='ocr_carea' id='block_1_3' title="bbox 102 1990 1261 2092">
    <p class='ocr_par' dir='ltr' id='par_1_3' title="bbox 102 1990 1261 2092">
     <span class='ocr_line' id='line_1_9' title="bbox 102 1990 1261 2092; baseline 0.007 -28"><span class='ocrx_word' id='word_1_48' title='bbox 102 1991 237 2067; x_wconf 80' lang='lat' dir='ltr'><strong>loesaris</strong></span> <span class='ocrx_word' id='word_1_49' title='bbox 253 2018 368 2081; x_wconf 88' lang='lat' dir='ltr'><strong>anno,</strong></span> <span class='ocrx_word' id='word_1_50' title='bbox 388 1994 425 2064; x_wconf 91' lang='lat' dir='ltr'><strong>in</strong></span> <span class='ocrx_word' id='word_1_51' title='bbox 446 1991 601 2064; x_wconf 89' lang='lat' dir='ltr'><strong>Jordane</strong></span> <span class='ocrx_word' id='word_1_52' title='bbox 620 1990 837 2092; x_wconf 89' lang='lat' dir='ltr'><strong>baptismum</strong></span> <span class='ocrx_word' id='word_1_53' title='bbox 853 2023 872 2067; x_wconf 94' lang='lat' dir='ltr'><strong>a</strong></span> <span class='ocrx_word' id='word_1_54' title='bbox 888 1996 1026 2070; x_wconf 87' lang='lat' dir='ltr'><strong>Joanne</strong></span> <span class='ocrx_word' id='word_1_55' title='bbox 1040 2025 1153 2072; x_wconf 88' lang='lat' dir='ltr'><strong>susee-</strong></span> <span class='ocrx_word' id='word_1_56' title='bbox 1259 2077 1261 2081; x_wconf 61' lang='grc'>,</span> 
     </span>
    </p>
   </div>
   <div class='ocr_carea' id='block_1_4' title="bbox 102 2106 1153 3477">
    <p class='ocr_par' dir='ltr' id='par_1_4' title="bbox 102 2106 1153 3477">
     <span class='ocr_line' id='line_1_10' title="bbox 102 2106 1153 2213; baseline 0.007 -31"><span class='ocrx_word' id='word_1_57' title='bbox 102 2110 143 2182; x_wconf 78' lang='lat' dir='ltr'><strong>&gt;it</strong></span> <span class='ocrx_word' id='word_1_58' title='bbox 168 2109 241 2206; x_wconf 78' lang='lat' dir='ltr'><strong>(a),</strong></span> <span class='ocrx_word' id='word_1_59' title='bbox 269 2123 305 2182; x_wconf 87' lang='lat' dir='ltr'><strong>et</strong></span> <span class='ocrx_word' id='word_1_60' title='bbox 331 2106 445 2180; x_wconf 89' lang='lat' dir='ltr'><strong>tribus</strong></span> <span class='ocrx_word' id='word_1_61' title='bbox 469 2107 572 2181; x_wconf 91' lang='lat' dir='ltr'><strong>semis</strong></span> <span class='ocrx_word' id='word_1_62' title='bbox 597 2109 701 2180; x_wconf 88' lang='lat' dir='ltr'><strong>annis</strong></span> <span class='ocrx_word' id='word_1_63' title='bbox 726 2108 949 2185; x_wconf 87' lang='lat' dir='ltr'><strong>evidentibus</strong></span> <span class='ocrx_word' id='word_1_64' title='bbox 980 2114 1088 2213; x_wconf 86' lang='lat' dir='ltr'><strong>signis</strong></span> <span class='ocrx_word' id='word_1_65' title='bbox 1117 2133 1153 2189; x_wconf 88' lang='lat' dir='ltr'><strong>et</strong></span> 
     </span>
     <span class='ocr_line' id='line_1_11' title="bbox 102 2223 1152 2332; baseline 0 -32"><span class='ocrx_word' id='word_1_66' title='bbox 102 2225 262 2325; x_wconf 70' lang='lat' dir='ltr'><strong>»rodigiis</strong></span> <span class='ocrx_word' id='word_1_67' title='bbox 278 2250 383 2297; x_wconf 87' lang='lat' dir='ltr'><strong>verus</strong></span> <span class='ocrx_word' id='word_1_68' title='bbox 409 2223 654 2311; x_wconf 86' lang='lat' dir='ltr'><strong>solemicuit,</strong></span> <span class='ocrx_word' id='word_1_69' title='bbox 675 2251 844 2326; x_wconf 87' lang='lat' dir='ltr'><strong>suamque</strong></span> <span class='ocrx_word' id='word_1_70' title='bbox 864 2227 1053 2319; x_wconf 87' lang='lat' dir='ltr'><strong>deitatem,</strong></span> <span class='ocrx_word' id='word_1_71' title='bbox 1081 2258 1152 2332; x_wconf 85' lang='lat' dir='ltr'><strong>qua</strong></span> 
     </span>
     <span class='ocr_line' id='line_1_12' title="bbox 102 2341 1153 2442; baseline 0.006 -28"><span class='ocrx_word' id='word_1_72' title='bbox 102 2342 207 2431; x_wconf 64' lang='lat' dir='ltr'><strong>latri,</strong></span> <span class='ocrx_word' id='word_1_73' title='bbox 223 2342 428 2441; x_wconf 87' lang='lat' dir='ltr'><strong>Sanetoque</strong></span> <span class='ocrx_word' id='word_1_74' title='bbox 437 2341 586 2439; x_wconf 89' lang='lat' dir='ltr'><strong>Spiritui</strong></span> <span class='ocrx_word' id='word_1_75' title='bbox 597 2341 786 2442; x_wconf 77' lang='lat' dir='ltr'><strong>ooaequalis</strong></span> <span class='ocrx_word' id='word_1_76' title='bbox 797 2358 833 2415; x_wconf 90' lang='lat' dir='ltr'><strong>et</strong></span> <span class='ocrx_word' id='word_1_77' title='bbox 842 2344 1153 2420; x_wconf 87' lang='lat' dir='ltr'><strong>consubstantialis</strong></span> 
     </span>
     <span class='ocr_line' id='line_1_13' title="bbox 102 2454 1153 2558; baseline 0.008 -30"><span class='ocrx_word' id='word_1_78' title='bbox 102 2473 197 2558; x_wconf 57' lang='lat' dir='ltr'><strong>itque</strong></span> <span class='ocrx_word' id='word_1_79' title='bbox 224 2471 424 2528; x_wconf 83' lang='lat' dir='ltr'><strong>coaeternus</strong></span> <span class='ocrx_word' id='word_1_80' title='bbox 449 2471 520 2541; x_wconf 90' lang='lat' dir='ltr'><strong>est,</strong></span> <span class='ocrx_word' id='word_1_81' title='bbox 548 2455 685 2526; x_wconf 91' lang='lat' dir='ltr'><strong>mundo</strong></span> <span class='ocrx_word' id='word_1_82' title='bbox 712 2454 984 2531; x_wconf 86' lang='lat' dir='ltr'><strong>demonstravit.</strong></span> <span class='ocrx_word' id='word_1_83' title='bbox 1013 2460 1153 2536; x_wconf 83' lang='lat' dir='ltr'><strong>Deinde</strong></span> 
     </span>
     <span class='ocr_line' id='line_1_14' title="bbox 102 2570 1153 2668; baseline 0.001 -21"><span class='ocrx_word' id='word_1_84' title='bbox 102 2585 225 2648; x_wconf 67' lang='grc' dir='ltr'><strong>υουιιο</strong></span> <span class='ocrx_word' id='word_1_85' title='bbox 238 2572 350 2643; x_wconf 87' lang='lat' dir='ltr'><strong>aetatis</strong></span> <span class='ocrx_word' id='word_1_86' title='bbox 364 2596 437 2641; x_wconf 88' lang='lat' dir='ltr'><strong>suae</strong></span> <span class='ocrx_word' id='word_1_87' title='bbox 450 2595 546 2643; x_wconf 90' lang='lat' dir='ltr'><strong>anno</strong></span> <span class='ocrx_word' id='word_1_88' title='bbox 561 2570 759 2668; x_wconf 88' lang='lat' dir='ltr'><strong>passionem</strong></span> <span class='ocrx_word' id='word_1_89' title='bbox 774 2571 811 2642; x_wconf 89' lang='lat' dir='ltr'><strong>in</strong></span> <span class='ocrx_word' id='word_1_90' title='bbox 825 2597 948 2659; x_wconf 88' lang='lat' dir='ltr'><strong>eruce,</strong></span> <span class='ocrx_word' id='word_1_91' title='bbox 963 2573 1153 2648; x_wconf 89' lang='lat' dir='ltr'><strong>hominum</strong></span> 
     </span>
     <span class='ocr_line' id='line_1_15' title="bbox 102 2685 1150 2784; baseline 0.002 -22"><span class='ocrx_word' id='word_1_92' title='bbox 102 2717 156 2766; x_wconf 74' lang='lat' dir='ltr'><strong>iro</strong></span> <span class='ocrx_word' id='word_1_93' title='bbox 175 2688 355 2777; x_wconf 88' lang='lat' dir='ltr'><strong>remedio,</strong></span> <span class='ocrx_word' id='word_1_94' title='bbox 376 2688 571 2760; x_wconf 88' lang='lat' dir='ltr'><strong>clementer</strong></span> <span class='ocrx_word' id='word_1_95' title='bbox 586 2685 756 2784; x_wconf 85' lang='lat' dir='ltr'><strong>pertulit,</strong></span> <span class='ocrx_word' id='word_1_96' title='bbox 771 2703 808 2759; x_wconf 91' lang='lat' dir='ltr'><strong>et</strong></span> <span class='ocrx_word' id='word_1_97' title='bbox 819 2687 996 2761; x_wconf 87' lang='lat' dir='ltr'><strong>destructa</strong></span> <span class='ocrx_word' id='word_1_98' title='bbox 1014 2707 1150 2780; x_wconf 90' lang='lat' dir='ltr'><strong>morte,</strong></span> 
     </span>
     <span class='ocr_line' id='line_1_16' title="bbox 102 2798 1153 2907; baseline 0.003 -31"><span class='ocrx_word' id='word_1_99' title='bbox 102 2832 159 2907; x_wconf 76' lang='lat' dir='ltr'><strong>[ua</strong></span> <span class='ocrx_word' id='word_1_100' title='bbox 175 2830 288 2905; x_wconf 84' lang='lat' dir='ltr'><strong>genus</strong></span> <span class='ocrx_word' id='word_1_101' title='bbox 306 2802 502 2874; x_wconf 90' lang='lat' dir='ltr'><strong>humanum</strong></span> <span class='ocrx_word' id='word_1_102' title='bbox 518 2798 664 2871; x_wconf 89' lang='lat' dir='ltr'><strong>vinculo</strong></span> <span class='ocrx_word' id='word_1_103' title='bbox 677 2801 784 2896; x_wconf 83' lang='lat' dir='ltr'><strong>justae</strong></span> <span class='ocrx_word' id='word_1_104' title='bbox 803 2800 1042 2876; x_wconf 89' lang='lat' dir='ltr'><strong>damnationis</strong></span> <span class='ocrx_word' id='word_1_105' title='bbox 1059 2801 1153 2879; x_wconf 86' lang='lat' dir='ltr'><strong>irre-</strong></span> 
     </span>
     <span class='ocr_line' id='line_1_17' title="bbox 102 2914 1152 3019; baseline -0.001 -26"><span class='ocrx_word' id='word_1_106' title='bbox 102 2924 200 2995; x_wconf 84' lang='lat' dir='ltr'><strong>itum</strong></span> <span class='ocrx_word' id='word_1_107' title='bbox 214 2919 373 3019; x_wconf 90' lang='lat' dir='ltr'><strong>quinque</strong></span> <span class='ocrx_word' id='word_1_108' title='bbox 394 2914 552 2987; x_wconf 91' lang='lat' dir='ltr'><strong>millibus</strong></span> <span class='ocrx_word' id='word_1_109' title='bbox 566 2939 745 2987; x_wconf 87' lang='lat' dir='ltr'><strong>annorum</strong></span> <span class='ocrx_word' id='word_1_110' title='bbox 767 2928 948 3004; x_wconf 88' lang='lat' dir='ltr'><strong>tenuerat,</strong></span> <span class='ocrx_word' id='word_1_111' title='bbox 969 2917 1152 2991; x_wconf 88' lang='lat' dir='ltr'><strong>infernum</strong></span> 
     </span>
     <span class='ocr_line' id='line_1_18' title="bbox 102 3033 1153 3141; baseline -0.002 -32"><span class='ocrx_word' id='word_1_112' title='bbox 102 3037 276 3141; x_wconf 83' lang='lat' dir='ltr'><strong>poliavit,</strong></span> <span class='ocrx_word' id='word_1_113' title='bbox 295 3033 506 3132; x_wconf 88' lang='lat' dir='ltr'><strong>devictoque</strong></span> <span class='ocrx_word' id='word_1_114' title='bbox 523 3033 649 3103; x_wconf 83' lang='lat' dir='ltr'><strong>Satana</strong></span> <span class='ocrx_word' id='word_1_115' title='bbox 666 3047 828 3131; x_wconf 85' lang='lat' dir='ltr'><strong>serpente</strong></span> <span class='ocrx_word' id='word_1_116' title='bbox 845 3034 1016 3133; x_wconf 84' lang='lat' dir='ltr'><strong>antiquo,</strong></span> <span class='ocrx_word' id='word_1_117' title='bbox 1036 3036 1153 3108; x_wconf 86' lang='lat' dir='ltr'><strong>vietor</strong></span> 
     </span>
     <span class='ocr_line' id='line_1_19' title="bbox 118 3145 1153 3248; baseline -0.007 -21"><span class='ocrx_word' id='word_1_118' title='bbox 118 3151 282 3227; x_wconf 90' lang='lat' dir='ltr'><strong>mortuis</strong></span> <span class='ocrx_word' id='word_1_119' title='bbox 300 3150 404 3222; x_wconf 88' lang='lat' dir='ltr'><strong>tertia</strong></span> <span class='ocrx_word' id='word_1_120' title='bbox 421 3145 478 3220; x_wconf 88' lang='lat' dir='ltr'><strong>die</strong></span> <span class='ocrx_word' id='word_1_121' title='bbox 497 3147 703 3220; x_wconf 87' lang='lat' dir='ltr'><strong>resurrexit.</strong></span> <span class='ocrx_word' id='word_1_122' title='bbox 721 3146 884 3248; x_wconf 84' lang='lat' dir='ltr'><strong>Denique</strong></span> <span class='ocrx_word' id='word_1_123' title='bbox 903 3157 966 3220; x_wconf 60' lang='grc' dir='ltr'><strong>κιο</strong></span> <span class='ocrx_word' id='word_1_124' title='bbox 984 3148 1040 3221; x_wconf 89' lang='lat' dir='ltr'><strong>die</strong></span> <span class='ocrx_word' id='word_1_125' title='bbox 1056 3163 1153 3248; x_wconf 91' lang='lat' dir='ltr'><strong>post·</strong></span> 
     </span>
     <span class='ocr_line' id='line_1_20' title="bbox 102 3258 1153 3371; baseline -0.006 -33"><span class='ocrx_word' id='word_1_126' title='bbox 102 3292 200 3371; x_wconf 54' lang='lat' dir='ltr'><strong>uram</strong></span> <span class='ocrx_word' id='word_1_127' title='bbox 214 3289 296 3337; x_wconf 88' lang='lat' dir='ltr'><strong>suos</strong></span> <span class='ocrx_word' id='word_1_128' title='bbox 309 3261 504 3336; x_wconf 84' lang='lat' dir='ltr'><strong>manifestis</strong></span> <span class='ocrx_word' id='word_1_129' title='bbox 518 3258 780 3334; x_wconf 88' lang='lat' dir='ltr'><strong>ostensionibus</strong></span> <span class='ocrx_word' id='word_1_130' title='bbox 794 3287 867 3333; x_wconf 85' lang='lat' dir='ltr'><strong>suae</strong></span> <span class='ocrx_word' id='word_1_131' title='bbox 881 3263 1153 3336; x_wconf 86' lang='lat' dir='ltr'><strong>resurrectionis</strong></span> 
     </span>
     <span class='ocr_line' id='line_1_21' title="bbox 102 3376 1151 3477; baseline -0.009 -17"><span class='ocrx_word' id='word_1_132' title='bbox 102 3408 196 3460; x_wconf 69' lang='lat' dir='ltr'><strong>&#39;eros</strong></span> <span class='ocrx_word' id='word_1_133' title='bbox 218 3395 322 3453; x_wconf 88' lang='lat' dir='ltr'><strong>testes</strong></span> <span class='ocrx_word' id='word_1_134' title='bbox 342 3376 588 3465; x_wconf 86' lang='lat' dir='ltr'><strong>confirmavit,</strong></span> <span class='ocrx_word' id='word_1_135' title='bbox 606 3390 643 3449; x_wconf 89' lang='lat' dir='ltr'><strong>et</strong></span> <span class='ocrx_word' id='word_1_136' title='bbox 659 3376 797 3448; x_wconf 90' lang='lat' dir='ltr'><strong>cunctis</strong></span> <span class='ocrx_word' id='word_1_137' title='bbox 813 3377 1051 3477; x_wconf 81' lang='lat' dir='ltr'><strong>evangelizare</strong></span> <span class='ocrx_word' id='word_1_138' title='bbox 1066 3405 1151 3477; x_wconf 82' lang='lat' dir='ltr'><strong>gen·</strong></span> 
     </span>
    </p>
   </div>
   <div class='ocr_carea' id='block_1_5' title="bbox 102 3626 1152 4228">
    <p class='ocr_par' dir='ltr' id='par_1_5' title="bbox 102 3626 1152 4228">
     <span class='ocr_line' id='line_1_22' title="bbox 118 3626 1152 3703; baseline -0.005 -15"><span class='ocrx_word' id='word_1_139' title='bbox 118 3632 166 3703; x_wconf 91' lang='grc' dir='ltr'><strong>(ι)</strong></span> <span class='ocrx_word' id='word_1_140' title='bbox 183 3631 226 3686; x_wconf 84' lang='lat' dir='ltr'><strong>Ce</strong></span> <span class='ocrx_word' id='word_1_141' title='bbox 237 3629 307 3686; x_wconf 83' lang='lat' dir='ltr'><strong>n’est</strong></span> <span class='ocrx_word' id='word_1_142' title='bbox 317 3628 396 3701; x_wconf 90' lang='lat' dir='ltr'><strong>point</strong></span> <span class='ocrx_word' id='word_1_143' title='bbox 409 3626 476 3681; x_wconf 78' lang='lat' dir='ltr'><strong>dans</strong></span> <span class='ocrx_word' id='word_1_144' title='bbox 487 3627 513 3680; x_wconf 87' lang='lat' dir='ltr'><strong>la</strong></span> <span class='ocrx_word' id='word_1_145' title='bbox 525 3626 693 3701; x_wconf 76' lang='lat' dir='ltr'><strong>quinzieme‚</strong></span> <span class='ocrx_word' id='word_1_146' title='bbox 707 3626 775 3679; x_wconf 88' lang='lat' dir='ltr'><strong>mais</strong></span> <span class='ocrx_word' id='word_1_147' title='bbox 786 3643 821 3679; x_wconf 88' lang='lat' dir='ltr'><strong>au</strong></span> <span class='ocrx_word' id='word_1_148' title='bbox 834 3637 1068 3683; x_wconf 85' lang='lat' dir='ltr'><strong>oommeuoement</strong></span> <span class='ocrx_word' id='word_1_149' title='bbox 1080 3626 1115 3682; x_wconf 88' lang='lat' dir='ltr'><strong>de</strong></span> <span class='ocrx_word' id='word_1_150' title='bbox 1125 3626 1152 3683; x_wconf 81' lang='lat' dir='ltr'><strong>la</strong></span> 
     </span>
     <span class='ocr_line' id='line_1_23' title="bbox 102 3714 1152 3790; baseline -0.004 -13"><span class='ocrx_word' id='word_1_151' title='bbox 102 3722 221 3778; x_wconf 70' lang='grc' dir='ltr'>εἱιίὲιιιο</span> <span class='ocrx_word' id='word_1_152' title='bbox 237 3721 324 3773; x_wconf 78' lang='lat' dir='ltr'><strong>aunee</strong></span> <span class='ocrx_word' id='word_1_153' title='bbox 339 3718 379 3772; x_wconf 92' lang='lat' dir='ltr'><strong>du</strong></span> <span class='ocrx_word' id='word_1_154' title='bbox 392 3719 477 3790; x_wconf 72' lang='lat' dir='ltr'><strong>regne</strong></span> <span class='ocrx_word' id='word_1_155' title='bbox 496 3715 531 3771; x_wconf 89' lang='lat' dir='ltr'><strong>de</strong></span> <span class='ocrx_word' id='word_1_156' title='bbox 544 3716 659 3783; x_wconf 75' lang='lat' dir='ltr'><strong>Tibere,</strong></span> <span class='ocrx_word' id='word_1_157' title='bbox 671 3734 727 3789; x_wconf 89' lang='lat' dir='ltr'><strong>que</strong></span> <span class='ocrx_word' id='word_1_158' title='bbox 739 3714 765 3771; x_wconf 86' lang='lat' dir='ltr'><strong>le</strong></span> <span class='ocrx_word' id='word_1_159' title='bbox 777 3714 903 3789; x_wconf 69' lang='lat' dir='ltr'><strong>bapteme</strong></span> <span class='ocrx_word' id='word_1_160' title='bbox 915 3715 950 3772; x_wconf 91' lang='lat' dir='ltr'><strong>de</strong></span> <span class='ocrx_word' id='word_1_161' title='bbox 961 3718 1152 3773; x_wconf 72' lang='lat' dir='ltr'><strong>lesus-Christ</strong></span> 
     </span>
     <span class='ocr_line' id='line_1_24' title="bbox 102 3802 1151 3876; baseline -0.004 -12"><span class='ocrx_word' id='word_1_162' title='bbox 102 3819 137 3864; x_wconf 87' lang='lat' dir='ltr'><strong>ut</strong></span> <span class='ocrx_word' id='word_1_163' title='bbox 149 3807 226 3863; x_wconf 83' lang='lat' dir='ltr'><strong>lieu.</strong></span> <span class='ocrx_word' id='word_1_164' title='bbox 240 3805 283 3874; x_wconf 90' lang='lat' dir='ltr'><strong>Si,</strong></span> <span class='ocrx_word' id='word_1_165' title='bbox 297 3823 403 3860; x_wconf 85' lang='lat' dir='ltr'><strong>comme</strong></span> <span class='ocrx_word' id='word_1_166' title='bbox 415 3823 452 3859; x_wconf 88' lang='lat' dir='ltr'><strong>on</strong></span> <span class='ocrx_word' id='word_1_167' title='bbox 465 3802 490 3859; x_wconf 91' lang='lat' dir='ltr'><strong>le</strong></span> <span class='ocrx_word' id='word_1_168' title='bbox 506 3820 589 3876; x_wconf 84' lang='lat' dir='ltr'><strong>pense</strong></span> <span class='ocrx_word' id='word_1_169' title='bbox 607 3802 809 3875; x_wconf 73' lang='lat' dir='ltr'><strong>generalement</strong></span> <span class='ocrx_word' id='word_1_170' title='bbox 820 3803 1010 3874; x_wconf 80' lang='lat' dir='ltr'><strong>aujourd&#39;hui‚</strong></span> <span class='ocrx_word' id='word_1_171' title='bbox 1027 3803 1048 3858; x_wconf 90' lang='lat' dir='ltr'><strong>il</strong></span> <span class='ocrx_word' id='word_1_172' title='bbox 1060 3815 1102 3859; x_wconf 85' lang='lat' dir='ltr'><strong>est</strong></span> <span class='ocrx_word' id='word_1_173' title='bbox 1115 3809 1151 3860; x_wconf 75' lang='lat' dir='ltr'><strong>ne</strong></span> 
     </span>
     <span class='ocr_line' id='line_1_25' title="bbox 102 3889 1150 3970; baseline -0.003 -19"><span class='ocrx_word' id='word_1_174' title='bbox 102 3914 124 3951; x_wconf 88' lang='lat' dir='ltr'><strong>u</strong></span> <span class='ocrx_word' id='word_1_175' title='bbox 136 3894 204 3970; x_wconf 75' lang='lat' dir='ltr'><strong>plus</strong></span> <span class='ocrx_word' id='word_1_176' title='bbox 216 3893 279 3949; x_wconf 75' lang='lat' dir='ltr'><strong>eard</strong></span> <span class='ocrx_word' id='word_1_177' title='bbox 292 3896 309 3947; x_wconf 66' lang='lat' dir='ltr'><strong>t</strong></span> <span class='ocrx_word' id='word_1_178' title='bbox 322 3893 349 3948; x_wconf 81' lang='lat' dir='ltr'><strong>la</strong></span> <span class='ocrx_word' id='word_1_179' title='bbox 364 3893 402 3947; x_wconf 90' lang='lat' dir='ltr'><strong>fin</strong></span> <span class='ocrx_word' id='word_1_180' title='bbox 414 3891 449 3947; x_wconf 90' lang='lat' dir='ltr'><strong>de</strong></span> <span class='ocrx_word' id='word_1_181' title='bbox 459 3891 564 3946; x_wconf 74' lang='lat' dir='ltr'><strong>l&#39;annee</strong></span> <span class='ocrx_word' id='word_1_182' title='bbox 580 3895 633 3966; x_wconf 69' lang='lat'><strong>749</strong></span> <span class='ocrx_word' id='word_1_183' title='bbox 649 3890 684 3945; x_wconf 88' lang='lat' dir='ltr'><strong>de</strong></span> <span class='ocrx_word' id='word_1_184' title='bbox 695 3889 799 3960; x_wconf 88' lang='lat' dir='ltr'><strong>Rome,</strong></span> <span class='ocrx_word' id='word_1_185' title='bbox 811 3890 831 3946; x_wconf 91' lang='lat' dir='ltr'><strong>il</strong></span> <span class='ocrx_word' id='word_1_186' title='bbox 842 3892 909 3946; x_wconf 74' lang='lat' dir='ltr'><strong>eteit</strong></span> <span class='ocrx_word' id='word_1_187' title='bbox 921 3891 973 3965; x_wconf 71' lang='lat' dir='ltr'><strong>lge</strong></span> <span class='ocrx_word' id='word_1_188' title='bbox 985 3891 1048 3947; x_wconf 84' lang='lat' dir='ltr'><strong>d’au</strong></span> <span class='ocrx_word' id='word_1_189' title='bbox 1060 3894 1150 3949; x_wconf 80' lang='lat' dir='ltr'><strong>moins</strong></span> 
     </span>
     <span class='ocr_line' id='line_1_26' title="bbox 102 3977 1150 4054; baseline -0.004 -15"><span class='ocrx_word' id='word_1_190' title='bbox 102 3990 261 4052; x_wconf 70' lang='lat' dir='ltr'><strong>mse-sem</strong></span> <span class='ocrx_word' id='word_1_191' title='bbox 268 3998 317 4036; x_wconf 86' lang='lat' dir='ltr'><strong>ans</strong></span> <span class='ocrx_word' id='word_1_192' title='bbox 327 3981 498 4035; x_wconf 71' lang='lat' dir='ltr'><strong>commences</strong></span> <span class='ocrx_word' id='word_1_193' title='bbox 506 3981 523 4033; x_wconf 73' lang='lat' dir='ltr'><strong>a</strong></span> <span class='ocrx_word' id='word_1_194' title='bbox 530 3978 656 4052; x_wconf 88' lang='lat' dir='ltr'><strong>l’e&#39;poque</strong></span> <span class='ocrx_word' id='word_1_195' title='bbox 668 3977 703 4033; x_wconf 89' lang='lat' dir='ltr'><strong>de</strong></span> <span class='ocrx_word' id='word_1_196' title='bbox 713 3996 762 4033; x_wconf 85' lang='lat' dir='ltr'><strong>son</strong></span> <span class='ocrx_word' id='word_1_197' title='bbox 771 3978 1003 4033; x_wconf 85' lang='lat' dir='ltr'><strong>erucifiementeu</strong></span> <span class='ocrx_word' id='word_1_198' title='bbox 1015 3978 1068 4054; x_wconf 86' lang='lat'><strong>786</strong></span> <span class='ocrx_word' id='word_1_199' title='bbox 1078 3979 1150 4051; x_wconf 79' lang='lat' dir='ltr'><strong>(dix-</strong></span> 
     </span>
     <span class='ocr_line' id='line_1_27' title="bbox 102 4064 1152 4138; baseline -0.003 -13"><span class='ocrx_word' id='word_1_200' title='bbox 102 4068 239 4125; x_wconf 58' lang='lat' dir='ltr'><strong>eamme</strong></span> <span class='ocrx_word' id='word_1_201' title='bbox 257 4069 343 4122; x_wconf 71' lang='lat' dir='ltr'><strong>eunde</strong></span> <span class='ocrx_word' id='word_1_202' title='bbox 359 4066 395 4121; x_wconf 91' lang='lat' dir='ltr'><strong>de</strong></span> <span class='ocrx_word' id='word_1_203' title='bbox 415 4066 516 4122; x_wconf 72' lang='lat' dir='ltr'><strong>Tihere</strong></span> <span class='ocrx_word' id='word_1_204' title='bbox 537 4075 566 4121; x_wconf 86' lang='lat' dir='ltr'><strong>et</strong></span> <span class='ocrx_word' id='word_1_205' title='bbox 584 4084 640 4120; x_wconf 87' lang='lat' dir='ltr'><strong>uon</strong></span> <span class='ocrx_word' id='word_1_206' title='bbox 658 4084 706 4138; x_wconf 81' lang='lat' dir='ltr'><strong>pas</strong></span> <span class='ocrx_word' id='word_1_207' title='bbox 726 4064 937 4134; x_wconf 73' lang='lat' dir='ltr'><strong>dix-huitieme,</strong></span> <span class='ocrx_word' id='word_1_208' title='bbox 956 4083 1063 4122; x_wconf 84' lang='lat' dir='ltr'><strong>comme</strong></span> <span class='ocrx_word' id='word_1_209' title='bbox 1081 4084 1152 4122; x_wconf 82' lang='lat' dir='ltr'><strong>nous</strong></span> 
     </span>
     <span class='ocr_line' id='line_1_28' title="bbox 102 4154 778 4228; baseline -0.006 -17"><span class='ocrx_word' id='word_1_210' title='bbox 102 4157 196 4213; x_wconf 80' lang='lat' dir='ltr'><strong>&#39;amus</strong></span> <span class='ocrx_word' id='word_1_211' title='bbox 209 4155 253 4210; x_wconf 87' lang='lat' dir='ltr'><strong>dit</strong></span> <span class='ocrx_word' id='word_1_212' title='bbox 262 4155 396 4210; x_wconf 86' lang='lat' dir='ltr'><strong>ei-dessus</strong></span> <span class='ocrx_word' id='word_1_213' title='bbox 407 4173 457 4228; x_wconf 82' lang='lat' dir='ltr'><strong>par</strong></span> <span class='ocrx_word' id='word_1_214' title='bbox 468 4154 673 4223; x_wconf 76' lang='lat' dir='ltr'><strong>inadvertanee,</strong></span> <span class='ocrx_word' id='word_1_215' title='bbox 687 4172 713 4227; x_wconf 82' lang='lat' dir='ltr'><strong>p.</strong></span> <span class='ocrx_word' id='word_1_216' title='bbox 728 4157 778 4224; x_wconf 83' lang='lat' dir='ltr'><strong>ra).</strong></span> 
     </span>
    </p>
   </div>
   <div class='ocr_carea' id='block_1_6' title="bbox 168 4249 1005 4320">
    <p class='ocr_par' dir='ltr' id='par_1_6' title="bbox 168 4249 1005 4320">
     <span class='ocr_line' id='line_1_29' title="bbox 168 4249 1005 4320; baseline -0.006 0"><span class='ocrx_word' id='word_1_217' title='bbox 168 4273 194 4320; x_wconf 89' lang='lat'><strong>1.</strong></span> <span class='ocrx_word' id='word_1_218' title='bbox 966 4249 1005 4317; x_wconf 76' lang='lat'><strong>13</strong></span> 
     </span>
    </p>
   </div>
   <div class='ocr_carea' id='block_1_7' title="bbox 0 0 1454 4958">
    <p class='ocr_par' dir='ltr' id='par_1_7' title="bbox 0 0 1454 4958">
     <span class='ocr_line' id='line_1_30' title="bbox 0 0 1454 4958; baseline 0 0"><span class='ocrx_word' id='word_1_219' title='bbox 0 0 1454 4958; x_wconf 95' lang='lat' dir='ltr'><strong> </strong></span> 
     </span>
    </p>
   </div>
  </div>
 </body>
</html>
