2894 4958
540 426 656 487 LIBER
675 425 884 487 SECUNDUS.
1192 428 1249 491 271

181 544 312 619 oculos
341 544 476 642 tetigit,
503 558 540 614 et
569 543 628 615 ille
657 546 778 616 statim
804 543 927 615 lumen
951 543 1098 641 recepit.
1122 545 1250 618 Deme·

182 664 293 750 trius,
308 663 440 760 primas
450 659 551 733 urbis
564 661 838 758 Amasaeorum(
844 661 893 758 1),
910 658 1037 733 auditis
1047 660 1156 760 signis
1167 686 1249 762 quae

182 777 339 851 faciebat
357 776 396 848 in
411 777 561 850 nomine
576 774 730 865 Christi,
750 803 832 848 cum
850 776 1018 877 lacrymis
1034 775 1190 875 procidit
1204 777 1250 850 ad

182 895 292 994 pedes
316 893 493 992 apostoli,
521 909 563 965 ut
588 919 742 992 puerum
771 894 984 994 AEgyptium
1010 892 1077 965 sibi
1101 895 1247 983 vivum,

182 1026 296 1113 q'ucm
307 1009 418 1084 lebris
429 1017 647 1100 extinxerat,
659 1011 836 1086 redderet.
849 1011 948 1084 Mitis
957 1011 1137 1110 apostolus
1147 1011 1249 1084 llenti

184 1126 397 1216 condoluit,
412 1125 457 1199 ad
473 1125 622 1200 domum
639 1128 755 1199 luctus
769 1152 853 1198 cum
870 1152 913 1201 eo
928 1130 1104 1226 perrexit,
1121 1143 1158 1200 et
1171 1154 1250 1201 ora-

185 1243 289 1317 tione
314 1241 406 1314 facta
437 1268 528 1341 puer
554 1269 674 1341 sospes
704 1241 894 1315 confestim
918 1242 1251 1316 surrexit..0mnes

181 1360 251 1462 qui
274 1356 344 1432 hoc
360 1359 530 1432 viderunt
548 1359 659 1432 laetati
682 1373 784 1448 sunt,
812 1374 848 1433 et
872 1358 1056 1433 credentes
1080 1357 1248 1458 baptizati

184 1489 286 1551 sunt.
668 1557 670 1560 ,

223 1593 416 1666 -Sostratus
440 1619 530 1691 puer
555 1589 787 1682 christianus,
806 1607 959 1666 amatre
981 1618 1040 1665 sua
1067 1593 1251 1691 impetitus

184 1708 232 1784 ad
256 1725 442 1810 stuprum,
471 1710 637 1811 confugit
663 1710 707 1782 ad
733 1709 959 1808 apostolum
991 1728 1027 1784 et
1056 1710 1136 1801 illa,
1167 1712 1251 1785 felle

185 1841 383 1916 commota,
398 1853 520 1901 coram
529 1826 745 1927 proconsule
758 1828 895 1900 crimen
907 1827 1059 1926 projecit
1068 1827 1106 1898 in
1119 1827 1248 1900 lilium.

186 1945 346 2019 'l'acente
358 1971 472 2045 puero
484 1971 560 2044 prae
577 1942 811 2031 verecundia,
825 1958 967 2016 sanctus
977 1942 1082 2015 illum
1090 1941 1250 2017 Andreas

185 2062 388 2151 excusavit,
411 2080 447 2135 et
472 2060 687 2162 impudicam
705 2061 748 2133 de
765 2060 901 2160 flagitio
918 2061 1039 2161 palam
1054 2060 1248 2163 redarguit.

184 2179 386 2256 Proconsul
405 2181 531 2269 iratus,
556 2181 661 2278 jussit
682 2205 837 2279 puerum
856 2181 894 2251 in
917 2179 1034 2253 culleo
1051 2180 1106 2278 (2)
1130 2182 1251 2279 parri-

184 2295 278 2371 cidae
301 2294 436 2369 recludi
461 2312 498 2370 et
518 2297 556 2369 in
580 2296 716 2370 llumen
734 2297 885 2397 projici,
910 2295 1092 2370 Andream
1108 2322 1195 2371 vero
1213 2300 1250 2371 in

184 2438 367 2487 carcerem
380 2412 488 2486 trudi.
503 2413 637 2487 Orante
652 2413 833 2512 apostolo,
850 2429 956 2488 terrae
967 2430 1089 2488 motus
1100 2441 1251 2514 magnus

186 2555 273 2604 cum
295 2530 435 2604 tonitru
456 2532 555 2630 gravi
574 2531 689 2603 factus
711 2548 787 2614 est,
812 2547 848 2604 et
877 2530 1072 2631 proconsul
1100 2531 1146 2604 de
1169 2529 1252 2605 sede

185 2645 339 2736 cecidit,
368 2661 405 2720 et
426 2647 557 2748 reliqui
579 2673 705 2722 omnes
724 2664 831 2721 terrae
849 2646 1110 2722 decubuerunt.
1136 2648 1253 2720 Mater

186 2790 277 2841 vero
297 2765 399 2864 pueri
424 2790 587 2863 percussa
608 2765 703 2837 aruit
727 2779 763 2839 et
780 2780 923 2839 mortua
947 2780 1011 2838 est.
1034 2767 1139 2836 Tunc
1159 2791 1253 2863 pro-

187 2880 338 2970 consul,
365 2895 566 2980 prostratus
586 2882 738 2979 apostoli
758 2879 909 2981 pedibus
921 2935 932 2970 ,
963 2881 1013 2952 ait
1042 2909 1050 2951 :
1079 2881 1253 2952 Miserere

182 2996 441 3101 pereuntibus,
459 2994 611 3092 famule
637 2998 730 3089 Dei,
762 3024 810 3070 ne
837 3024 904 3070 nos
934 3012 1029 3100 terra
1057 2995 1249 3095 deglutiat.

189 3113 325 3188 Orante
337 3114 523 3212 apostolo,
540 3128 646 3188 terrae
658 3129 778 3190 motus
791 3114 957 3205 cessavit,
977 3114 1146 3187 serenitas
1162 3115 1251 3186 aeris

190 3227 322 3319 rediit,
339 3243 376 3301 et
392 3229 466 3327 ipse
480 3226 643 3304 turbatos
661 3230 874 3304 circumiens
892 3229 1040 3301 sanavit.
1054 3228 1252 3302 Proconsul

190 3369 277 3419 vem
292 3343 445 3418 verbum
463 3345 528 3418 Dei
545 3347 718 3447 suscepit,
746 3362 783 3422 et
812 3372 896 3420 cum
923 3346 1023 3420 omni
1051 3344 1162 3419 domo
1192 3372 1252 3418 sua

192 3460 338 3537 medens
362 3461 400 3534 in
426 3461 655 3553 Dominum,
689 3462 734 3536 ab
759 3462 924 3564 apostolo
954 3460 1153 3562 baptizatus
1183 3478 1250 3536 est.

226 3835 266 3905 (1)
285 3834 334 3892 On
349 3854 385 3889 ne
397 3837 509 3892 connait
523 3837 604 3910 point
619 3835 654 3890 de
666 3834 729 3891 ville
747 3835 781 3891 de
797 3854 829 3890 ee
845 3854 911 3891 nom
923 3837 992 3891 dans
1003 3836 1142 3903 l'Acha'le;
1157 3838 1176 3892 il
1192 3857 1255 3892 ena

195 3924 278 3979 existe
298 3924 450 3998 plusieurs,
474 3927 542 3982 mais
562 3925 628 3982 elles
649 3927 752 3982 etaient
772 3936 864 3982 tontes
884 3927 986 3982 situees
1004 3925 1075 3982 dans
1095 3926 1178 3982 l’Asie
1200 3928 1254 3982 tti-

196 4030 288 4069 neure.

198 4190 211 4241 ᾖ
220 4102 266 4241 ¹(a)
282 4101 335 4158 Sac
349 4102 384 4158 de
393 4103 454 4160 cuir
466 4103 534 4160 dans
543 4103 633 4180 lequel
642 4123 680 4160 on
692 4103 838 4160 enleruuit
848 4102 1048 4178 lesparricides
1055 4121 1127 4178 pour
1136 4103 1175 4159 les
1185 4105 1258 4176 jeten·

231 4189 301 4244 ἐπα,
