2894 4958
197 458 237 516 68
470 455 654 517 HISTORIA
676 455 978 519 Ecctssslnstlcn.

199 575 351 662 iterum,
379 572 471 647 dixit
493 576 543 648 eis
570 606 578 646 :
605 575 716 648 Scitis
739 578 831 676 quid
840 578 1000 674 fhcerim
1020 573 1152 650 uobis?
1179 577 1266 651 Vos

196 694 336 790 vocatis
352 719 410 765 me
420 694 604 793 Magister
617 711 651 766 et
666 694 844 785 Domine,
864 711 899 767 et
911 694 999 767 bene
1010 693 1134 767 dicitis
1136 728 1157 782 ,·
1177 720 1261 768 sum

195 811 337 881 etenim.
365 809 411 881 Si
432 836 518 910 ergo
542 838 610 911 ego
630 810 706 886 lati
723 811 837 912 pedes
860 829 997 887 vestros
1021 812 1203 886 Dominus
1225 827 1263 884 et

194 927 388 1026 Magister,
406 944 440 999 et
457 954 523 1000 uos
540 926 676 999 debetis
696 927 790 1000 alter
812 928 962 1001 alterius
987 927 1108 1002 lavam
1124 927 1255 1035 pedes

192 1043 242 1113 Et
257 1042 394 1144 reliqua
411 1043 583 1143 usquead
600 1041 711 1132 illud,
730 1042 793 1115 uhi
811 1042 924 1116 dicit:
943 1043 1021 1143 Qui
1030 1070 1088 1115 me
1100 1046 1254 1144 accipit,

191 1161 327 1260 acct‘pit
344 1186 427 1231 eum
442 1161 508 1257 qui
523 1186 580 1231 me
595 1161 694 1231 misit
710 1161 725 1257 (
749 1160 779 1256 )

239 1274 432 1348 Matthaeus
442 1275 556 1349 refert
567 1275 666 1376 quod
678 1275 867 1350 edentibus
877 1275 1060 1375 discipulis
1072 1276 1124 1348 ait
1133 1277 1252 1349 lesus:

188 1396 308 1465 Amen
332 1391 417 1466 dico
439 1393 543 1466 vobis
568 1395 658 1493 quia
678 1420 770 1466 unus
794 1411 951 1467 vestrum
972 1421 1030 1466 me
1054 1393 1256 1466 traditurus

188 1526 252 1582 est.
282 1510 328 1582 Et
355 1511 555 1583 contristati
581 1510 705 1599 valde,
731 1527 924 1611 coeperunt
948 1510 1081 1611 singuli
1109 1509 1253 1584 dicere:

187 1626 380 1727 Numquid
390 1653 457 1724 ego
467 1655 568 1716 sum,
584 1627 767 1701 Domine?
783 1628 831 1702 At
844 1629 918 1727 ipse
930 1627 1168 1728 respondens,
1183 1630 1253 1700 ait:

190 1742 268 1840 Qui
279 1743 425 1840 intingit
438 1769 578 1815 mecum
589 1770 739 1814 manum
752 1745 790 1814 in
799 1744 1022 1844 paropside,
1039 1744 1102 1815 hic
1111 1770 1170 1816 me
1185 1759 1254 1816 tra·

185 1860 260 1932 det.
282 1857 520 1931 Coenantibus
538 1874 658 1933 autem
673 1860 743 1947 eis,
762 1860 899 1958 accepit
912 1859 1012 1932 lesus
1028 1885 1178 1958 panem,
1194 1857 1255 1932 be·

184 1974 324 2049 nedixit
341 1974 528 2075 ecfregit,
546 1974 913 2075 deditquediscipulis
929 1976 1000 2048 suis
1019 1991 1056 2049 et
1072 1975 1126 2058 ait
1143 2006 1152 2046 :
1179 1977 1254 2048 Ac·

185 2094 296 2194 cipite
303 2109 340 2164 et
350 2091 545 2165 comedite:
558 2091 626 2165 hoe
635 2108 688 2164 est
700 2118 851 2193 carpum
863 2118 996 2164 nuum.
1011 2093 1059 2163 Et
1077 2091 1254 2189 accipiens

186 2209 353 2297 calicem,
371 2210 501 2309 gratias
518 2209 590 2308 egit
606 2225 643 2281 et
660 2208 758 2281 dedit
779 2208 870 2301 illis,
888 2209 1010 2282 dicens
1036 2239 1044 2280 ε
1068 2208 1189 2281 Bibite
1205 2234 1254 2280 ea·

186 2325 256 2398 lzoc
267 2351 389 2398 omnes
407 2354 417 2397 :
434 2325 494 2397 ln'c
506 2342 559 2398 est
569 2327 722 2423 sanguis
735 2352 834 2399 meus
848 2328 933 2402 novi
945 2328 1165 2416 testamenti,
1189 2328 1255 2426 qui

179 2464 253 2538 pm
282 2437 405 2509 multis
435 2437 642 2535 effundetur
670 2439 709 2508 in
737 2439 984 2509 remissionem
1002 2453 1250 2537 peccatorum.

185 2553 283 2626 Dico
296 2570 417 2625 autem
429 2552 555 2627 uobis:
570 2580 644 2626 non
658 2553 781 2626 bibam
791 2552 924 2625 amodo
936 2554 983 2624 de
995 2552 1061 2624 ltoc
1069 2554 1254 2651 genimine

185 2671 272 2742 aitis
285 2671 447 2769 usquein
463 2669 559 2742 diem
571 2670 674 2742 illum
681 2727 694 2760 ,
710 2696 792 2744 eum
812 2669 908 2742 illud
921 2669 1045 2745 bibam
1064 2668 1254 2744 vobiscum

187 2812 318 2861 notum
333 2788 372 2857 in
392 2813 504 2885 regno
523 2788 651 2860 Patris
668 2791 737 2859 mei
756 2787 773 2886 (
797 2788 828 2883 ).

236 2903 436 2993 Dominus,
464 2918 573 2976 nocte
595 2929 666 3003 qua
695 2902 845 2975 traditus
868 2919 941 2992 est,
968 2900 1083 2976 tribus
1114 2903 1253 2976 vicibus

186 3022 320 3107 oravit3
339 3036 382 3092 ut
405 3035 442 3093 et
464 3047 530 3094 nos
551 3048 571 3092 a
597 3021 790 3120 praeteritis
815 3021 966 3120 peccatis
988 3021 1150 3109 veniam,
1176 3035 1252 3093 eta

186 3136 423 3239 praesentibus
436 3138 538 3211 malis
555 3138 724 3226 tutelam,
741 3152 778 3211 et
793 3165 813 3209 a
829 3137 961 3210 suturis
979 3136 1147 3237 periculis
1166 3163 1254 3210 cau-

188 3255 295 3328 telam
312 3280 474 3343 oremus3
499 3269 535 3327 et
556 3269 597 3326 ut
613 3279 760 3327 omnem
779 3255 981 3358 orationem
998 3253 1041 3326 ad
1058 3254 1202 3326 Patrem
1217 3267 1254 3326 et

186 3371 320 3444 Filium
336 3387 373 3445 et
388 3371 564 3472 Spiritum
585 3372 758 3443 Sanctum
780 3370 986 3471 dirigamus.
1008 3372 1098 3442 ltem
1118 3383 1254 3441 notan-

184 3485 276 3558 dum
288 3501 360 3575 est,
379 3485 478 3587 quod
494 3487 587 3558 sicut
607 3486 702 3559 trina
720 3502 773 3596 est
791 3486 943 3558 tentatio
961 3482 1187 3583 cupiditatis,
1203 3482 1253 3554 ita

187 3618 225 3676 et
239 3603 391 3676 timoris.
408 3603 705 3702 Concupiscentia
720 3604 855 3691 carnis,
871 3600 1160 3701 concupiscentia
1172 3623 1256 3673 ocu·

187 3719 327 3805 lorum,
341 3717 492 3792 ambitio
506 3720 684 3794 secularis.
702 3719 831 3792 'l'imor
842 3718 1080 3791 nihilominus
1092 3730 1147 3788 est
1158 3740 1254 3788 mor-

191 3835 257 3922 tis,
289 3836 399 3907 timor
424 3835 569 3908 vilitatis
603 3851 639 3909 et
665 3837 777 3908 timor
799 3835 982 3908 dolorum.
1008 3832 1145 3904 Contra
1170 3855 1252 3931 quse

219 4130 260 4198 (sl
277 4129 375 4183 loann.
395 4145 454 4193 xm,
477 4146 549 4183 1-20.
562 4129 645 4198 -(2)
659 4127 758 4183 Mattlt.
777 4145 849 4196 xxvi,
868 4143 967 4200 21-293
987 4119 1250 4191 narc.nv,1t·25;

187 4221 251 4273 Luc.
268 4237 331 4283 xxti,
348 4215 438 4293 17-23.
