2894 4958
519 414 635 478 LIBER
655 417 866 478 SECUNDUS.
1167 424 1225 481 217

166 542 396 618 tiosissimum
423 563 554 638 corpus
577 538 728 637 apostoli
756 551 967 612 veneranter
990 539 1224 627 custodiunt,

166 640 302 734 etilluc
322 656 440 730 fideles
458 653 681 728 Christicolae
698 655 742 729 de
756 656 895 727 cunctis
912 654 1114 728 climatibus
1129 655 1227 729 orbis

166 790 408 859 concurrunt,
424 771 523 845 acad
539 772 758 847 exorandum
780 773 994 848 clementem
1010 772 1149 846 Adonai
1163 801 1228 874 per

166 893 380 993 apostolicos
397 893 620 966 interventus
638 892 890 988 conveniunt(
915 891 945 989 ).

166 1061 169 1073 ·
213 1009 370 1084 Herodes
395 1036 476 1096 rex,
496 1033 604 1107 quem
621 1007 793 1106 Josephus
819 1007 1015 1107 Agrippam
1036 1007 1224 1094 nominat,

166 1125 289 1199 videns
310 1139 452 1226 gratum
473 1149 545 1197 esse
567 1121 698 1195 Judaeis
715 1120 813 1222 quod
829 1120 1003 1195 Jacobum
1027 1120 1224 1209 occiderat,

166 1247 471 1341 Petrumquoque
488 1241 526 1311 in
539 1265 718 1312 carcerem
730 1240 847 1334 misit,
862 1256 898 1311 et
912 1255 1068 1340 quatuor
1081 1255 1227 1339 quater-

166 1357 339 1433 nionibus
346 1356 557 1430 militumad
568 1356 841 1435 custodiendum
853 1357 1230 1457 tradidit.Petrusqni-

166 1477 250 1551 dem
267 1474 473 1550 servabatur
485 1476 523 1547 in
536 1501 699 1565 carcere,
714 1490 755 1547 ut
769 1474 812 1548 ad
825 1491 982 1549 mortem
998 1491 1080 1575 post
1097 1473 1227 1547 Pascha

166 1591 427 1691 produceretur
438 1590 594 1690 publice.
608 1591 732 1664 Oratio
745 1590 913 1665 Ecclesiae
928 1591 1144 1664 incessanter
1157 1588 1231 1688 pul·

166 1705 268 1781 sabat
280 1734 382 1780 aures
398 1707 529 1781 divinae
546 1708 753 1806 majestatis,
768 1734 813 1782 ne
830 1723 957 1781 tenero
973 1709 1073 1808 gregi
1093 1705 1230 1779 subtra-

166 1820 324 1899 heretur.
336 1823 386 1921 pii
408 1821 604 1896 subsidium
622 1824 785 1922 pastoris.
810 1823 973 1898 Clemens
993 1841 1112 1897 autem
1133 1823 1229 1894 Deus

167 1966 243 2044 pro.
258 1942 392 2018 dilecto
419 1945 661 2044 dispensatore
686 1947 759 2019 cito
784 1971 906 2045 preces
927 1944 1064 2018 audivit
1089 1969 1228 2043 sponsae

168 2086 242 2134 suae
259 2076 297 2136 et
314 2060 427 2135 fidelis
439 2063 586 2151 amicae;
606 2064 761 2137 coelestis
773 2061 963 2137 subventio
977 2063 1048 2135 suis
1061 2061 1180 2150 affuit,
1196 2075 1232 2132 et

168 2176 300 2276 impios
321 2193 469 2252 conatus
492 2179 642 2253 Herodis
662 2179 871 2253 frustrando
894 2179 1083 2278 praevenit.
1111 2177 1231 2250 Noctu

168 2300 278 2368 Petro
298 2294 500 2369 dormiente
529 2297 624 2369 iuter
653 2297 742 2371 dnos
774 2298 905 2371 milites
936 2298 1060 2369 vincto
1094 2294 1232 2368 duabus

169 2410 320 2496 catenis,
340 2425 376 2483 et
397 2409 606 2483 custodibus
632 2428 715 2485 ante
739 2413 872 2484 ostium
892 2412 1061 2499 carceris,
1087 2410 1232 2510 angelus

168 2526 318 2600 Domini
340 2551 422 2598 cum
445 2525 582 2601 lumine
600 2529 731 2616 astitit,
751 2554 989 2628 percussoque
1008 2529 1105 2602 Petri
1122 2528 1231 2600 latere

169 2643 273 2716 illum
295 2644 475 2717 excitavit.
491 2643 625 2744 Surge,
643 2646 785 2745 inquit,
802 2647 981 2718 vclrrcr'ter.
997 2646 1085 2719 Mox
1098 2659 1232 2716 catenae

167 2760 211 2837 de
230 2760 398 2834 manibus
419 2764 493 2860 ejus
517 2760 744 2849 ceciderunt,
771 2763 985 2860 praecinctus
1010 2776 1047 2834 et
1063 2761 1229 2833 calciatus

170 2893 206 2952 et
229 2893 325 2951 veste
356 2875 595 2950 circumdatus
627 2879 763 2966 exivit;
795 2878 1034 2980 angelumque
1063 2893 1230 2965 secutus,

176 3049 314 3062 '‘—

202 3141 243 3211 (ι)
261 3141 338 3195 Tout
349 3158 381 3195 ce
393 3141 478 3214 qu’on
492 3139 590 3196 sait'de
604 3142 709 3196 certain
725 3158 772 3195 sur
785 3142 856 3197 saint
867 3141 1157 3215 Jacques-le-Majeur,
1169 3141 1234 3196 c’eet

170 3231 238 3306 qu’il
255 3220 342 3288 fnt'le
358 3233 480 3305 premier
497 3232 545 3287 dee
563 3232 672 3305 apdtree
689 3233 738 3306 qui
755 3250 832 3288 versa
848 3251 899 3288 son
913 3252 979 3307 sang
998 3251 1070 3306 pour
1087 3232 1113 3287 la
1132 3232 1186 3300 soi,
1205 3242 1235 3286 et

169 3321 330 3397 qu’lldmde
347 3323 472 3396 Agrippa
486 3323 512 3378 le
531 3323 562 3378 lit
576 3322 716 3396 decapiter
735 3342 771 3379 en
792 3327 840 3391 44,
861 3324 981 3400 quelque
1002 3335 1091 3398 temps
1110 3333 1190 3379 avant
1209 3323 1235 3377 la

170 3410 274 3484 Pique
288 3411 338 3465 Les
349 3411 550 3466 circonstances
561 3410 597 3466 de
609 3430 659 3467 son
669 3423 799 3485 martyre,
811 3415 970 3487 rapportees
978 3432 1028 3486 par
1037 3424 1117 3468 notre
1125 3422 1233 3478 auteur,

170 3506 232 3553 aaut
240 3498 455 3571 completement
467 3500 650 3573 apocryphes,
662 3509 690 3554 et
701 3499 741 3555 les
753 3517 937 3574 personnages
949 3501 998 3576 qui
1010 3520 1028 3572 y
1041 3499 1162 3573 figurent
1170 3516 1234 3572 eup-

170 3589 264 3659 poees,
284 3605 303 3659 y
323 3588 443 3659 compris
462 3587 488 3643 le
507 3587 714 3661 grand-pretre
732 3587 878 3657 Abiathar,
900 3589 949 3663 qui
971 3589 1014 3643 u’a
1032 3587 1236 3660 jamnisexiete

171 3677 254 3749 qu'au
270 3686 360 3750 temps
377 3677 412 3731 de
430 3677 526 3732 David.
541 3678 633 3733 Toute
652 3688 724 3733 cette
737 3677 853 3750 legende
866 3679 936 3732 n’est
953 3678 1040 3752 qu’uu
1053 3677 1153 3732 extrait
1165 3694 1236 3731 assez

172 3762 252 3818 fidele
263 3762 302 3817 du
319 3761 388 3817 livre
407 3782 432 3816 tv
447 3764 482 3818 dc
496 3764 635 3821 l'IlistoIre
647 3766 818 3838 apostolique
831 3765 869 3819 du
882 3765 945 3820 faux
959 3763 1078 3830 Audias,
1092 3765 1237 3836 imprimee

172 3850 239 3907 tune
256 3851 282 3906 le
300 3850 396 3906 Codex
408 3853 587 3926 apocryphus
599 3856 664 3909 novi
680 3855 852 3909 Testamenti
860 3853 895 3909 de
906 3855 932 3909 J.
948 3855 982 3909 A.
996 3853 1147 3909 Fabricius.

203 3942 234 3998 st
247 3940 288 3997 les
297 3941 416 4015 reliques
429 3942 464 3996 de
476 3953 520 3998 eet
531 3943 626 4016 apirtre
639 3954 688 3998 ont
700 3946 745 3998 ete
753 3943 914 3999 reellement
926 3944 1110 4016 transportees
1122 3946 1138 3996 t
1151 3942 1236 3997 Com-

173 4029 297 4101 poetellc,
313 4048 345 4084 oe
355 4031 405 4103 qui
419 4040 460 4085 est
472 4030 528 4086 fort
541 4031 679 4098 douteux‚
694 4031 752 4086 cela
765 4032 808 4087 n'a
827 4051 865 4105 pu
879 4033 954 4086 avoir
969 4031 1026 4087 lieu
1042 4031 1124 4106 qu'su
1138 4037 1187 4082 vn*
1199 4046 1236 4083 ou

174 4136 210 4173 an·
218 4137 267 4174 nu
279 4118 371 4174 siecle.
384 4118 407 4172 ll
420 4131 462 4176 cst
473 4131 599 4178 constant
612 4121 695 4196 qu'au
709 4131 745 4176 u·
756 4123 822 4178 elles
834 4142 850 4194 y
865 4123 967 4179 etaient
978 4122 1039 4194 (teja
1049 4123 1103 4178 sort
1116 4119 1239 4175 celebres

175 4211 199 4256 et
209 4202 266 4258 sort
278 4204 411 4258 revertet.
