2894 4958
562 384 678 447 LIBER
699 384 856 448 PRIMUS.
1202 389 1241 450 37

183 501 406 594 damnasset,
437 503 536 603 quasi
573 529 707 576 saevum
741 518 777 576 et
805 501 962 575 oblitum
989 503 1241 577 misericordiae

185 644 293 718 qnam
308 617 544 718 praedicabat,
561 618 754 708 derisisset,
774 635 809 693 et
824 621 875 691 sic
887 617 1051 693 odiosum
1068 616 1204 708 turbis,
1222 646 1241 691 a

184 733 317 834 quibus
343 732 578 835 diligebatur,
607 733 753 810 faceret.
787 735 824 807 Si
852 761 938 809 vero
967 733 1150 807 moecham
1174 761 1245 834 pro

186 857 374 931 clementia
391 856 541 957 lapidari
567 855 831 958 prohibuisset,
859 859 957 959 quasi
975 859 1062 958 legis
1084 857 1243 932 adversa-

186 974 283 1046 rium
311 990 348 1048 et
366 972 546 1049 fautorem
571 974 745 1049 scelerum
770 974 1049 1050 condemnasset.
1069 976 1162 1050 Vera
1187 1000 1247 1049 so·

186 1089 270 1190 phia
286 1091 385 1164 velut
401 1117 538 1165 araueae
555 1091 614 1165 fila
631 1090 733 1165 dolos
750 1092 1002 1167 sceleratorum
1018 1091 1173 1190 disrupit
1189 1108 1244 1181 et,

187 1206 284 1305 regia
297 1203 470 1306 dignitate
478 1205 676 1307 utrobique
684 1223 833 1297 servata,
847 1206 979 1309 absque
989 1208 1248 1307 impedimento
1365 1250 1367 1254 >

187 1323 408 1421 pertransiit.
427 1323 490 1395 Ait
505 1325 603 1397 enim
622 1355 631 1396 ε
654 1324 821 1424 Quirine
833 1342 986 1427 peccato
1000 1342 1052 1398 est
1070 1341 1247 1413 vestram,

182 1442 328 1541 primas
346 1441 505 1514 inillam
530 1441 693 1543 lapidem
711 1445 843 1516 mittat.
866 1444 909 1514 ln
931 1442 1051 1541 primo
1074 1456 1252 1516 commate

190 1558 425 1657 temperantia
451 1572 505 1633 est
532 1559 758 1648 miserantis,
787 1561 827 1633 in
848 1560 1013 1659 sequenti
1028 1558 1167 1658 justitia
1185 1561 1251 1657 ju-

189 1674 355 1748 dicantis.
382 1674 562 1749 lnclinans
591 1702 627 1749 se
651 1675 841 1767 deorsum,
869 1677 984 1779 digito
1009 1675 1187 1751 scribebat
1212 1677 1251 1750 in

191 1808 342 1882 terram,
367 1792 586 1894 ancipitique
603 1792 704 1868 verbi
730 1797 783 1867 sui
807 1793 925 1896 gladio
942 1795 1144 1894 penetravit
1167 1795 1254 1867 insi·
1287 1846 1289 1849 -

190 1906 372 1980 dictorum
399 1908 667 1982 conscientiam.
689 1909 747 1981 Sic
763 1909 917 1983 servavit
942 1934 1023 1983 ecce
1043 1935 1109 2008 per
1131 1908 1253 1983 omnia

191 2038 229 2096 et
247 2022 399 2122 justitiae
420 2022 683 2098 districtionem
707 2040 744 2097 et
762 2025 904 2123 pietatis
927 2022 1251 2098 mansuetudinem.

192 2140 354 2215 Tandem
372 2139 589 2216 fraudulenti
608 2158 804 2242 quaestores
820 2141 967 2216 Domini
984 2142 1160 2215 sententia
1176 2165 1257 2239 per-

193 2257 285 2329 cussi
307 2254 553 2347 erubuerunt,
571 2257 750 2331 moecham
769 2257 997 2358 reliquerunt
1017 2272 1055 2331 et
1079 2256 1255 2357 incipien-

193 2385 246 2445 tes
262 2399 282 2444 a
298 2372 498 2446 senioribus
515 2375 693 2448 exierunt.
721 2373 856 2447 Deinde
879 2399 1038 2446 summus
1059 2371 1169 2472 judex
1188 2370 1255 2444 sibi

192 2486 419 2582 derelictam,
443 2517 524 2592 quae
548 2491 798 2580 accusabatur,
824 2491 1021 2566 clementer
1042 2487 1254 2564 sublevavit.

196 2608 331 2697 Vade,
348 2609 486 2709 inquit,
502 2611 705 2711 etamplius
718 2609 968 2710 nolipeccare.
980 2608 1075 2680 Ecce
1088 2621 1259 2708 tanquam

193 2723 276 2822 pius
298 2725 482 2822 proeterita
508 2738 650 2823 peccata
678 2723 850 2823 ignoscit,
869 2738 907 2796 et
929 2722 1028 2822 quasi
1048 2724 1186 2820 justus,
1212 2749 1265 2797 ne-

194 2837 347 2937 amplius
363 2851 735 2936 peccarepraesumat,
755 2836 971 2933 interdicit(
995 2837 1027 2935 ).

245 2955 288 3026 ln
304 2951 568 3053 Gazophylacio
583 2955 682 3027 Jesus
705 2952 862 3052 plurima
886 2952 1028 3027 locutus
1051 2965 1104 3026 est
1118 2951 1165 3025 de
1179 2977 1261 3025 vera

195 3069 277 3144 luce
305 3087 343 3144 et
366 3067 552 3160 libertate,
585 3068 631 3143 de
657 3069 873 3143 exaltatione
898 3069 952 3140 sui
983 3082 1020 3143 et
1044 3067 1089 3142 de
1116 3069 1264 3142 servitio

197 3186 349 3286 peccati,
363 3184 408 3259 de
419 3184 608 3260 mendacio
620 3200 657 3259 et
667 3185 830 3260 veritate.
842 3184 1063 3259 insanientes
1076 3209 1146 3284 pro
1156 3182 1264 3257 bonis

198 3302 371 3377 aCbristo
377 3301 575 3377 benedictis
583 3300 848 3403 responderunt
855 3302 969 3375 Judaei
984 3333 993 3372 z
1007 3301 1267 3374 Samaritanus

200 3448 238 3495 es
262 3437 299 3494 et
313 3421 536 3495 daemonium
555 3419 680 3495 labes.
705 3422 898 3519 lnjuriatus
920 3418 1099 3518 patienter
1113 3441 1267 3516 respon-

199 3537 275 3627 dit,
306 3536 493 3612 bumiliter
515 3536 642 3610 docuit
674 3553 709 3610 et
740 3535 860 3609 divina
890 3532 1064 3607 salvandis
1093 3532 1264 3632 protulit.

199 3654 317 3728 Porro
333 3655 443 3754 magis
460 3653 595 3728 efferati
612 3652 656 3725 ad
672 3651 806 3752 lapides
823 3665 1082 3740 cucurrerunt,
1105 3676 1146 3724 ac
1168 3665 1210 3722 ut
1227 3650 1266 3725 in
1376 3699 1379 3709 ι

88 3766 91 3771 ’
200 3793 286 3841 eum
302 3771 464 3867 jacerent
488 3767 673 3887 tulerunt3
688 3767 787 3841 Jesns
811 3782 931 3840 autem
952 3763 1140 3840 abscondit
1166 3791 1203 3840 se
1229 3780 1267 3838 et

201 3885 315 3960 exivit
329 3884 374 3959 de
390 3884 529 3986 templo
546 3886 562 3983 (
587 3886 617 3984 ).

237 4141 280 4210 (r)
292 4140 390 4195 Joanu.
405 4157 469 4209 vni,
487 4140 844 4211 1·11.-(2)‹loann.vu¹,
863 4135 950 4211 1269.
