2894 4958
563 110 683 173 LIBER
702 109 913 171 SECUNDUS.
987 110 991 117 “
1215 110 1276 171 229

203 249 287 308 tcm-
306 228 471 317 mirncnli
498 228 659 329 ridentes
682 254 723 302 ac
747 227 963 303 admirantes
987 224 1033 301 ad
1060 226 1275 326 fidemper-

201 349 322 424 duxit.
350 349 468 449 Joppe
493 372 581 421 vero
606 344 800 420 Tabitham
824 342 1276 421 venerabilem'·viduama

201 483 324 556 morte
350 464 591 554 resuscitavit,
620 490 770 566 eamque
794 465 925 538 sanctis
950 490 990 538 ac
1016 463 1133 537 viduis
1158 462 1276 536 vivam

200 583 409 684 assignavit.
427 582 578 683 Reliqua
602 598 721 656 autem
730 634 743 671 ‚
761 608 844 683 quae
868 581 1000 657 idema
1021 581 1145 655 Judaea
1162 606 1276 682 usque

202 704 244 776 in
269 699 502 777 Antiochiam
525 700 768 800 perpetravit,
792 716 829 775 et
854 725 964 801 quam
986 716 1133 775 strenue
1154 700 1277 773 Simo-

201 845 291 892 nem
307 843 453 918 magum
468 832 675 916 persecutus
692 814 878 891 multoties
894 814 1113 917 disputando
1130 838 1277 916 supera-

200 937 279 1025 vit,
305 934 470 1019 Clemens
494 960 686 1025 romanus,
714 935 936 1008 Faustiniani
963 934 1078 1025 filius,
1109 928 1277 1008 inlibris

201 1053 512 1155 Recognitionum
531 1052 752 1142 enucleavit3
773 1053 870 1128 unde
886 1052 982 1127 idem
1000 1052 1100 1153 Opus
1120 1053 1277 1126 Itinera-

201 1170 301 1242 rium
325 1169 423 1243 Petri
446 1169 661 1242 nominavit.
691 1170 770 1269 lpse
795 1170 916 1258 enim,
947 1168 1083 1244 relictis
1106 1166 1277 1242 omnibus

201 1312 287 1386 quae
305 1286 432 1360 Romae
449 1283 605 1360 hahebat
615 1339 626 1375 ,
644 1285 789 1387 navigio
807 1285 1036 1360 Palaestinam
1051 1284 1177 1383 petiit,
1197 1285 1276 1358 Cae-

200 1428 384 1504 sareaerpre
393 1404 575 1478 Stratonis
585 1404 734 1479 Petrum
745 1403 965 1503 apostolum,
977 1401 1152 1491 Bernaba,
1167 1429 1279 1504 quem

201 1522 331 1597 Romae
348 1521 529 1619 optimum
546 1518 727 1619 hospitem
747 1535 784 1594 et
805 1520 963 1592 amicum
988 1517 1195 1619 benigniter
1218 1516 1278 1590 fo·

200 1651 322 1730 terat,
343 1636 479 1743 indice,
496 1637 636 1709 invenit
643 1666 654 1726 ς
674 1654 710 1711 et
721 1636 766 1709 ab
782 1664 847 1726 eo,
865 1651 908 1709 ut
923 1664 943 1709 a
958 1653 1061 1737 patre
1077 1634 1173 1708 filius
1180 1688 1193 1725 ‚
1206 1661 1276 1734 pro

203 1750 395 1826 amborum
416 1752 661 1827 benivolentia
676 1755 729 1853 (1)
749 1753 904 1827 dulciter
920 1765 1125 1853 susceptus,
1146 1753 1183 1824 in
1206 1749 1277 1825 fide

202 1869 280 1946 reri
290 1867 483 1968 Prophetae
499 1870 651 1944 solerter
668 1870 868 1944 instructus
884 1885 922 1946 et
937 1896 1039 1944 sacro
1054 1868 1159 1944 fonte
1170 1894 1274 1943 reuu-

204 2000 281 2074 tus,
301 1984 587 2084 inseparabiliter
601 1986 634 2061 ei
653 2002 707 2061 est
726 1987 914 2087 copulatus
935 1987 952 2086 (
974 1988 1003 2084 ).

249 2105 422 2174 Caesareae
443 2100 572 2175 Petrus
598 2127 683 2174 cum
704 2101 853 2179 Simone
876 2128 982 2203 mago
1005 2099 1220 2202 disputavit,
1239 2100 1278 2174 et

204 2243 283 2293 sero
299 2217 448 2293 Simone
464 2245 548 2292 cum
558 2219 659 2293 mille
671 2218 759 2291 viris
770 2216 944 2309 abeunte,
959 2218 1120 2320 reliquos
1133 2217 1277 2293 confor-

205 2336 290 2409 tavit
296 2361 309 2425 ς
328 2336 569 2439 invocatoque
592 2337 657 2412 Dei
677 2337 847 2428 nomine,
869 2336 1111 2413 daemoniacos
1133 2351 1171 2412 et
1192 2336 1278 2409 lan«

201 2468 351 2551 grentes
367 2455 518 2531 sanavit.
1255 2453 1258 2457 ’

244 2571 293 2642 ln
321 2569 519 2645 crastinum
545 2572 733 2648 altercatio
757 2574 883 2648 iterata
908 2590 982 2663 est,
1010 2589 1047 2649 et
1072 2572 1276 2673 opitulante

194 2680 277 2759 Deo
294 2684 421 2758 Simon
439 2686 478 2757 in
497 2686 622 2760 multis
639 2689 756 2762 victus
775 2704 842 2763 est.
863 2689 1024 2763 Tandem
1046 2715 1126 2762 sero
1143 2685 1279 2760 contu«

191 2824 276 2894 sus,
294 2828 379 2874 cum
393 2803 519 2903 paucis
538 2830 697 2900 egressus
714 2821 784 2894 est,
804 2819 841 2878 et
858 2805 1014 2905 populus
1028 2804 1184 2906 gaudens
1201 2805 1272 2875 Pe-

189 2927 257 2993 tro
288 2935 492 3017 prostratus
515 2936 588 3009 est3
617 2924 719 3021 cujus
743 2922 971 2997 orationibus
995 2919 1208 2996 daemoniosi
1235 2933 1280 2994 et

184 3028 360 3137 languidi
378 3038 492 3111 curati
509 3054 616 3127 sunt,
632 3054 669 3114 et
684 3041 878 3141 gaudentes
894 3040 994 3141 quasi
1009 3039 1084 3113 veri
1102 3035 1275 3113 Deidoc-

183 3154 337 3224 trinam
355 3166 391 3225 et
408 3152 692 3229 misericordiam
710 3156 894 3231 consecuti
912 3154 1162 3228 discesserunt.
1182 3153 1271 3225 Ter-

185 3268 240 3340 tia
266 3292 358 3341 vero
376 3267 434 3342 die
454 3269 585 3343 Petrus
604 3270 791 3345 Simonem
810 3271 1120 3344 immortalitatem
1141 3268 1277 3341 animes

225 3522 272 3592 (ι)
290 3519 368 3573 Licea
383 3541 390 3573 :
406 3518 606 3577 benevolentia.

226 3613 271 3682 (a)
290 3610 371 3666 Saint
381 3610 524 3681 clement,
537 3611 653 3686 disciple
665 3622 694 3666 et
705 3612 845 3667 troisieme
858 3629 1015 3666 successeur
1027 3609 1064 3666 de
1072 3609 1144 3666 saint
1156 3610 1269 3678 Pirrre,

198 3711 315 3758 mourut
326 3718 362 3754 en
373 3701 428 3755 l’an
443 3720 505 3771 roo,
519 3703 599 3776 apres
611 3721 649 3756 un
662 3702 806 3775 pontificat
818 3701 853 3756 dc
864 3700 935 3755 neus
943 3718 1002 3755 ans.
1016 3701 1053 3755 le
1069 3699 1138 3755 livre
1151 3699 1200 3754 des
1212 3701 1268 3756 llc'-

201 3794 367 3869 cognitione,
381 3791 430 3866 qui
443 3790 482 3853 lui
497 3803 539 3847 est
554 3792 676 3846 attribuc'
687 3793 722 3846 ici
738 3811 787 3864 par
800 3803 880 3846 notre
889 3801 997 3858 auteur,
1011 3791 1080 3846 c'tait
1089 3794 1104 3845 i
1113 3790 1189 3862 juste
1203 3791 1268 3855 titre

203 3883 284 3955 reject
293 3899 403 3938 comme
415 3882 572 3955 apocryphc
586 3881 633 3937 drs
646 3881 773 3955 l'c'poquo
785 3880 820 3937 de
834 3882 905 3943 saint
915 3881 1035 3941 Jc'rtmc.
