2894 4958
185 399 245 462 204
459 400 642 461 HISTORIA
664 399 969 461 ECCLESIASTICA.

184 542 245 591 eos
264 518 411 589 Petrum
431 532 468 590 et
486 519 675 591 loannem.
703 518 773 610 Qui
797 543 880 590 cum
897 519 1098 608 venissent,
1123 545 1242 594 orave·

185 648 274 705 runt
289 658 358 732 pro
377 634 461 732 ipsis
475 648 518 705 ut
534 635 736 734 acciperent
749 634 925 734 Spiritum
938 635 1125 708 Sanctum.
1144 637 1243 709 Tunc

185 774 312 820 manus
324 774 430 847 super
447 747 643 848 baptizatos
660 748 915 848 imponebant,
937 765 973 824 et
991 750 1057 850 ipsi
1070 750 1245 850 Spiritum

185 865 356 937 Sanctum
371 865 676 964 accipiebant(1).
703 866 796 938 Hinc
813 864 1046 939 ecclesiastica
1072 867 1244 964 prooessit
1276 928 1278 932 .

185 983 391 1074 institutio,
412 997 454 1054 ut
475 998 557 1082 post
571 981 747 1081 baptisma
757 1036 768 1070 ,
788 982 886 1083 quod
903 982 1169 1057 catechumenis
1185 1009 1247 1083 per

185 1097 548 1170 ministeriumdatur
564 1098 774 1186 sacerdotis,
798 1098 981 1198 impositio
1001 1125 1130 1171 monus
1152 1124 1247 1197 pon-

187 1213 291 1286 tificis
315 1240 399 1286 cum
426 1216 589 1288 oratione
610 1215 672 1287 liat
696 1241 736 1287 ac
757 1217 930 1290 unctione
948 1214 1191 1303 charismatis3
1213 1230 1249 1288 et

185 1331 234 1402 sic
265 1331 402 1430 integra
428 1331 656 1404 confirmatio
681 1329 723 1402 fit
744 1358 808 1430 per
826 1331 1073 1431 septiformem
1098 1333 1248 1433 gretiam

188 1446 309 1519 Sancti
322 1447 477 1545 Spiritus
491 1445 689 1545 baptizatis.

235 1565 327 1635 Cum
346 1565 490 1637 vidisset
509 1565 633 1637 Simon
655 1566 738 1665 quia
756 1593 821 1665 per
839 1566 1109 1665 impositionem
1126 1591 1249 1638 manus

185 1678 430 1779 apostolorum
449 1681 593 1755 daretur
607 1682 761 1780 Spiritus
777 1684 947 1770 Sarictus,
968 1680 1105 1755 obtulit
1122 1683 1174 1756 eis
1193 1708 1250 1781 pe·

185 1796 346 1882 sutriam,
374 1794 495 1869 diceus
523 1827 531 1866 :
562 1798 657 1868 Date
678 1797 819 1870 etmihi
836 1799 932 1870 hano
952 1813 1186 1897 potestatem,
1213 1814 1252 1869 ut

185 1916 397 2013 cuicumque
405 1919 609 2014 imposuero
619 1941 762 2003 manus,
776 1916 939 2014 accipiat
948 1914 1130 2012 Spiritum
1139 1912 1252 1987 Sane*

186 2044 274 2099 tum.
295 2028 421 2101 Petrus
437 2044 558 2100 autem
573 2027 664 2101 dixit
681 2029 723 2099 ad
740 2056 822 2101 eum
842 2060 850 2098 :
868 2031 1037 2102 Pecunia
1053 2047 1119 2102 tua
1138 2045 1253 2101 tecum

186 2147 233 2216 sit
247 2146 285 2214 in
302 2144 568 2245 perditionem,
595 2147 770 2245 quoniam
791 2144 927 2217 donum
943 2146 1019 2216 Dei
1033 2145 1257 2217 existimasti

182 2264 343 2360 pecunia
360 2261 557 2361 possideri.
579 2263 667 2335 Non
684 2279 736 2334 est
754 2261 821 2333 tibi
834 2289 925 2363 pars
934 2320 947 2352 ,
972 2288 1089 2361 neque
1111 2288 1192 2336 sors
1217 2262 1256 2333 in

186 2402 345 2449 sermone
365 2380 448 2448 isto.
478 2378 553 2450 Cor
571 2384 665 2450 enim
688 2395 789 2450 tuum
808 2405 879 2451 non
902 2401 954 2450 est
976 2397 1109 2452 rectum
1133 2404 1262 2451 coram

185 2489 277 2562 Deo.
302 2493 562 2562 Paenitentiam
583 2494 707 2593 itaque
732 2521 804 2592 age
820 2492 868 2564 ab
891 2493 963 2567 bac
982 2494 1149 2592 nequitia
1166 2510 1253 2583 trra,

186 2621 221 2676 et
237 2632 331 2705 roga
349 2606 549 2678 Dominum
565 2611 601 2679 si
612 2608 713 2702 sorte
738 2610 941 2681 remittatur
959 2608 1026 2680 tibi
1045 2609 1128 2682 ltoec
1153 2610 1267 2707 cogi·

188 2724 278 2793 tatio
301 2721 423 2794 cordis
444 2725 509 2794 tui.
533 2724 580 2794 In
594 2723 693 2819 selle
714 2726 808 2795 enim
835 2725 1095 2813 amaritudinis
1114 2741 1150 2797 et
1165 2724 1269 2799 obti-

183 2840 335 2937 gatione
368 2841 569 2937 iniquitatis
604 2839 714 2913 video
752 2855 788 2912 te
821 2867 910 2913 esse.
950 2824 1074 2912 Simon
1111 2855 1264 2930 autem,

187 2955 339 3053 apostoli
379 2955 474 3026 dicta
508 2955 790 3053 parvipendens,
824 2956 989 3041 recessit,
1025 2972 1061 3028 et
1096 2971 1270 3055 apostata

186 3071 318 3161 factus,
344 3073 544 3146 innumeris
569 3072 760 3146 sceleribus
784 3075 873 3145 iram
902 3073 1049 3146 Domini
1079 3074 1145 3146 diu
1173 3101 1268 3148 exa-

187 3188 358 3261 cerbavit.
387 3188 551 3287 Apostoli
569 3216 655 3263 vero
671 3191 785 3263 locuti
802 3189 955 3262 verbum
976 3190 1127 3263 Domini
1151 3192 1269 3266 Jeru-

188 3303 363 3404 solymam
381 3302 572 3391 redibant,
596 3321 633 3376 et
649 3303 772 3376 multis
785 3303 993 3403 regionibus
1007 3306 1269 3382 Samaritano-

188 3445 270 3491 rum
288 3419 606 3520 ernngelizabunt(
632 3424 662 3518 ).

220 3535 375 3638 lugeto
408 3539 471 3612 Dei
500 3539 762 3638 praecipiente,
795 3540 980 3640 Philippus
1009 3540 1166 3614 Candaei
1199 3568 1264 3617 eu·

222 3795 263 3866 (ι)
278 3797 528 3870 deturparentur,
546 3804 637 3874 1447.

224 3882 355 3952 (ul'lbid.
376 3904 441 3954 vtis,
462 3886 554 3943 18-25.
573 3888 611 3942 la
629 3890 746 3960 reponse
764 3886 800 3941 de
819 3887 932 3953 Simon,
954 3885 1022 3940 daus
1044 3883 1084 3939 les
1102 3887 1193 3942 Actes
1209 3883 1253 3939 des

248 3968 324 4040 ltros,
339 3984 383 4030 est
392 3973 450 4031 lort
463 3975 607 4032 differente
617 3976 666 4032 des
682 3977 845 4031 sentimcuts
855 3993 911 4049 quc
921 3975 960 4030 lui
974 3975 1052 4048 prete
1065 3976 1103 4030 ici
1114 3987 1198 4031 notre
1209 3994 1251 4029 au·

270 4082 278 4113 =
295 4060 477 4137 Respondens
490 4077 584 4121 autem
604 4069 713 4134 Simon,
735 4066 809 4121 ‹ttxu
828 4092 834 4117 :
855 4068 1015 4121 Precamint'
1025 4085 1077 4123 vos
1095 4089 1149 4139 pro
1166 4088 1209 4122 me
1220 4063 1253 4121 tui

268 4148 339 4205 'um
352 4154 466 4225 ueniti!
473 4160 570 4212 ueniat
582 4177 667 4230 super
678 4177 720 4213 me
733 4158 830 4214 torum
844 4178 908 4229 quoe
920 4157 1048 4212 titulun!
1159 4234 1162 4243 Ι
