2894 4958
575 361 693 425 LIBER
713 361 871 425 PRIMUS.
1195 375 1255 437 175

186 477 343 579 profuit.
372 476 445 574 Qui
478 495 670 582 postquam
693 481 736 556 de
763 479 899 556 throno
922 480 1114 576 tremensi,
1143 510 1253 589 (prem

185 596 313 673 illicite
332 614 586 698 usurpaverat,
602 598 785 699 depositus
800 614 870 690 est,
890 626 973 673 cum
988 597 1125 677 rubore
1143 619 1181 678 et
1197 607 1253 680 in·

182 713 396 818 dignatione
417 714 570 791 Galliam
589 717 819 818 relinquens,
842 717 887 791 ad
906 717 1080 794 Ottonem
1101 720 1254 821 impera·

184 849 306 910 torem
318 833 503 935 profectus
519 849 593 925 eat3
612 850 650 909 et
663 850 736 909 tam
749 835 795 909 ab
809 837 888 936 ipso
905 863 1013 936 quam
1029 839 1198 939 apopulo
1208 840 1254 914 ad

182 952 418 1052 praesulatum
431 954 612 1027 Ravennae
625 952 759 1028 electus
772 969 838 1033 est.
854 953 941 1029 lude
952 972 1034 1054 post
1046 956 1183 1058 aliquot
1195 986 1254 1032 an·

183 1094 256 1144 nos
264 1066 306 1142 ad
316 1067 675 1167 sulenrapostolioam
686 1068 876 1143 translatus
885 1084 951 1159 est,
962 1098 1131 1172 armoque
1140 1072 1256 1147 domi-

183 1185 281 1259 nicae
299 1185 556 1259 incarnationis
573 1201 784 1259 nccccxctx⁰
796 1186 965 1261 Silvester
982 1216 1071 1288 papa
1086 1189 1257 1265 sublima-
1372 1242 1376 1250 ·

183 1319 249 1378 tus
265 1319 331 1378 est.
357 1304 487 1378 Fertur
507 1303 550 1377 de
576 1302 641 1377 illo
664 1302 764 1404 quod
786 1303 873 1377 dum
898 1304 1127 1380 scholasticus
1144 1320 1253 1397 esset,

184 1444 273 1494 oum
288 1419 454 1494 daemone
466 1419 609 1493 locutus
626 1418 756 1507 fuerit,
771 1434 810 1492 et
826 1419 916 1520 quid
932 1419 999 1495 sibi
1013 1421 1179 1499 futurum
1192 1425 1258 1505 int·

184 1537 346 1639 mineret
370 1536 588 1638 inquisierit.
614 1535 647 1609 A
668 1562 744 1638 quo
764 1538 932 1635 protinus
952 1535 1162 1639 ambiguum
1180 1566 1259 1616 mo-

184 1652 345 1729 nadicon
363 1651 500 1727 audivit
517 1682 528 1726 ε

312 1843 427 1900 Transit
440 1842 475 1899 ab
486 1842 513 1900 R
523 1842 679 1900 Gerbertus
691 1842 726 1898 ad
735 1843 761 1899 R
771 1884 779 1912 ‚
791 1852 854 1918 post
864 1861 934 1918 papa
947 1843 1042 1918 vigens
1055 1842 1091 1901 R.

186 2012 398 2114 Versipellis
425 2011 613 2095 oraculum
631 2027 720 2087 tuno
746 2011 893 2113 quidem
909 2011 954 2084 ad
984 2011 1258 2114 intelligendum

187 2132 274 2205 satis
288 2127 583 2218 fuitobscurum,
595 2126 695 2229 quod
704 2141 823 2201 tamen
832 2126 1065 2226 postmodum
1071 2128 1259 2206 manifeste

187 2247 351 2321 videmus
365 2244 567 2346 impletum.
583 2242 782 2319 Gerbertus
795 2243 892 2318 enim
901 2243 946 2317 de
957 2246 1123 2319 Remensi
1137 2245 1260 2321 cathe-

188 2366 253 2439 dre
269 2364 436 2437 transivit
450 2363 496 2437 ad
509 2362 743 2462 praesulatum
760 2365 959 2452 Ravennae,
971 2388 1012 2436 ao
1024 2365 1258 2463 postmodum

188 2508 281 2582 papa
297 2480 412 2554 sactus
425 2494 480 2554 est
496 2481 649 2578 Romae(
673 2482 703 2578 ).

237 2599 350 2672 Antio
365 2596 411 2670 al>
423 2597 670 2673 incarnatione
685 2597 831 2671 Domini
849 2611 939 2684 mr,
958 2597 1047 2673 Otto
1064 2600 1261 2701 imperator

191 2714 309 2805 obiit,
334 2718 444 2816 eique
463 2716 639 2791 Henricus
666 2716 845 2790 successit.
872 2717 963 2790 Dein
994 2733 1137 2806 uxx1v0,
1157 2719 1260 2794 Couo

192 2832 584 2934 Augustusimpernvit.
597 2833 707 2933 Cujus
720 2849 884 2908 tiranno
897 2826 1069 2907 Ric'ardus
1084 2844 1135 2907 11¹⁸
1145 2834 1258 2926 obiit,

193 2948 255 3049 qui
272 2973 343 3046 pro
360 2947 480 3022 studio
496 2948 680 3049 religionis
696 2963 798 3048 pater
814 2947 1075 3023 monachorum
1090 2951 1259 3052 appellari

196 3064 333 3139 meruit
354 3064 426 3164 (a).
447 3067 553 3138 Tune
578 3064 758 3140 Edelredo
791 3065 923 3167 Edgari
952 3065 1029 3140 lilio
1060 3083 1257 3168 regnante,

230 3412 271 3484 (ι)
289 3410 412 3468 Gerbert
424 3413 493 3469 etait
503 3430 538 3468 en
555 3411 635 3468 Italie
647 3414 746 3486 aupres
761 3411 880 3469 d’Ottou
895 3413 938 3467 III
955 3412 1024 3468 dans
1035 3414 1099 3470 Pete
1112 3413 1147 3471 de
1162 3417 1262 3492 997.ss

203 3496 241 3554 lut
253 3501 368 3555 nomme'
376 3500 547 3576 archeveque
560 3500 595 3556 de
607 3501 737 3556 Ravenne
748 3520 784 3555 au
795 3513 1031 3558 commencement
1041 3503 1076 3559 (le
1086 3502 1193 3559 l’aunee
1205 3505 1263 3561 tui-

203 3597 294 3657 vante,
308 3596 338 3643 et
349 3606 435 3662 pape,
449 3607 513 3644 sous
529 3587 554 3645 le
570 3607 636 3645 uon
649 3588 683 3645 de
699 3588 827 3645 Silvestre
841 3589 887 3657 11,
901 3607 936 3644 en
947 3607 1009 3664 999.
1025 3593 1063 3646 Le
1075 3609 1135 3647 vera
1146 3593 1201 3650 tite
1213 3612 1264 3668 par

205 3684 280 3731 notre
291 3685 392 3732 auteur
404 3676 497 3732 s'e'crit
508 3675 726 3733 ordinairement
737 3675 772 3732 de
783 3675 810 3731 la
822 3676 944 3732 muniere
954 3677 1077 3734 suivaute
1088 3702 1095 3733 ε

359 3805 453 3853 sanat
463 3806 495 3852 aa
507 3806 535 3854 a.
550 3806 699 3853 σεειηυε
711 3805 750 3863 a,
760 3817 814 3869 pm
821 3822 884 3870 μμ
895 3821 974 3869 «ομ.
984 3807 1014 3854 r.

235 3947 276 4019 (a)
293 3944 371 4002 Nous
383 3965 465 4002 avons
482 3945 575 4004 donne
591 3945 727 4003 ci-dessus
744 3945 872 4021 l’epoque
886 3944 921 4001 de
938 3943 964 3999 la
980 3955 1055 4001 mort
1074 3945 1192 4003 d’Otton
1209 3949 1265 4005 111.

210 4032 291 4091 Ilenri
302 4036 345 4105 11,
355 4054 406 4091 sou
414 4053 581 4106 monetator,
592 4035 639 4093 elu
650 4035 677 4092 le
686 4034 705 4091 6
711 4035 777 4109 juin
792 4052 871 4105 1002,
883 4045 997 4092 mourut
1006 4035 1033 4092 le
1045 4033 1076 4093 13
1083 4036 1175 4108 juillet
1186 4043 1264 4107 roal.

212 4121 315 4182 Conrad
327 4124 356 4181 ll
365 4124 409 4197 (et
416 4141 474 4182 non
482 4125 598 4196 Conon)
607 4136 690 4200 ayant
697 4126 742 4182 ete'
755 4126 830 4182 acre
839 4122 865 4181 le
874 4124 895 4182 8·
900 4122 1070 4197 septembre,
1083 4125 1111 4183 la
1125 4128 1267 4186 uolutare
