2916 4958
492 550 497 557 ,
528 485 648 551 LIBER
666 486 879 552 SECUNDUS.
1184 489 1246 558 307

174 603 323 681 Christo
332 605 645 706 praedicationem,
658 625 696 682 et
707 607 925 684 laboriosam
935 628 1049 711 usque
1060 611 1105 683 ad
1117 634 1247 713 peren-¹

175 724 342 807 nia-niue
361 721 528 798 bravium
546 725 760 824 passionem.

227 841 387 918 Thomas
403 841 581 943 Didymus
601 869 685 915 cum
705 843 801 942 apud
820 843 1017 918 Caesaream
1033 859 1142 935 esset,
1168 847 1249 920 Do·-

175 960 301 1037 ninua
323 961 424 1034 Jeeua
445 958 610 1032 Christus
629 961 661 1034 ei
678 961 866 1060 apparuit,
892 961 1080 1063 ipsumque
1103 959 1248 1039 Abbani

176 1077 378 1178 preposito
390 1074 593 1150 Gundafori
611 1077 704 1177 regia
719 1078 896 1151 Indorum
913 1079 1179 1154 commendavit
1187 1133 1199 1172 ,
1214 1096 1252 1157 et

179 1208 266 1267 oum
283 1217 349 1280 eo,
374 1205 417 1264 ut
434 1217 588 1265 romano
610 1217 719 1291 opere
738 1193 911 1292 palatium
931 1195 1006 1294 regi
1031 1193 1249 1286 fabricaret,

179 1311 223 1385 in
239 1309 378 1383 Indiam
392 1309 505 1382 misit.
521 1308 780 1410 Navigantibus
795 1310 866 1382 illia
877 1334 942 1410 per
956 1335 1075 1401 mare,
1095 1311 1253 1387 Thomas

179 1425 229 1501 de
247 1426 336 1499 ertia
358 1448 431 1497 auae
456 1425 606 1498 scientia
630 1424 743 1498 multa
769 1427 921 1527 mystice
947 1425 1089 1502 locutus
1117 1444 1190 1517 eet,
1219 1443 1256 1503 et

179 1541 346 1619 miranda
360 1568 468 1641 opera
488 1542 526 1614 in
538 1569 721 1618 marmore
738 1559 774 1619 et
786 1544 886 1645 ligno
905 1545 1059 1621 inomni
1074 1562 1256 1620 structura

180 1685 222 1737 to
235 1658 420 1735 facturum
435 1660 617 1760 pollicitus
632 1676 697 1735 eat.
716 1663 879 1762 Septimo
900 1679 1021 1737 autem
1037 1663 1096 1738 die
1108 1662 1258 1740 Andro-

181 1776 351 1876 nopolim
362 1778 416 1876 (r)
427 1802 599 1877 prospere
612 1792 810 1872 venerunt,
823 1794 860 1852 et
867 1793 910 1851 ut
920 1777 965 1852 de
978 1761 1060 1852 navi
1071 1778 1259 1854 descende·

181 1911 293 1984 rant,
304 1918 410 1968 voees
422 1896 646 1968 cantantium
660 1895 699 1968 in
709 1896 852 1995 organis
862 1910 899 1969 et
910 1894 1008 1968 tibiis
1016 1950 1027 1985 ,
1041 1894 1259 1997 citharisque

182 2009 390 2085 audierunt.
408 2011 561 2110 Nuptiae
580 2012 754 2084 nimirum
778 2038 842 2085 rex
859 2013 1014 2086 civitatis
1034 2010 1256 2101 celebrabat,

183 2128 225 2203 iu
246 2126 383 2230 quibus
410 2128 588 2228 Pelagiam
613 2129 725 2202 filiam
748 2154 849 2202 auam
876 2131 1054 2232 Dionysio
1081 2127 1257 2203 tradebat.

183 2246 374 2320 heroaes
397 2245 528 2321 urbem
552 2247 818 2322 circumeuntes
839 2246 1043 2322 clamabant
1067 2263 1110 2320 ut
1134 2270 1261 2321 omues

183 2363 296 2464 regali
321 2363 494 2455 convivio
517 2364 733 2443 interessent
752 2392 762 2436 ε
782 2366 901 2452 diaeo,
925 2386 1076 2467 pauper,
1100 2362 1258 2453 nobilis,

185 2481 275 2556 civia
297 2505 339 2554 ac
360 2481 587 2580 peregrinum
604 2487 827 2584 quicumque
844 2506 918 2556 non
942 2478 1118 2571 venisset,
1137 2502 1260 2585 regent

185 2597 399 2673 offenderet.
415 2594 583 2671 Abbanea
600 2623 687 2698 ergo
699 2622 783 2671 cum
797 2597 938 2672 Thoma
956 2600 1126 2672 convivio
1143 2598 1261 2672 inter-

183 2715 277 2804 tuit,
299 2713 360 2789 aed
378 2712 535 2789 Thomas
557 2716 666 2789 solito
684 2738 788 2790 more
811 2740 888 2790 non
907 2717 1018 2815 jocis,
1040 2740 1107 2790 nec
1124 2716 1259 2815 epulis,

184 2828 249 2913 aed
263 2831 405 2906 coelesti
423 2831 573 2906 theoriae
596 2833 747 2906 atuduit.
767 2835 907 2908 Interea
925 2835 1103 2906 cantatrix
1120 2831 1262 2907 hebraea

184 2944 310 3023 serena
322 2945 470 3035 tibiam,
492 2974 590 3022 aecus
602 2947 798 3047 prandium
811 2946 1046 3039 circumibat,
1061 2963 1099 3021 et
1113 2948 1263 3022 unicui-

186 3063 374 3167 quequod
384 3064 437 3136 illi
451 3064 609 3164 placeret
620 3064 783 3138 canebat.
803 3064 961 3139 Veniens
976 3079 1098 3138 autem
1110 3059 1154 3137 ad
1167 3065 1265 3139 'l'ho-

186 3202 305 3269 man,
324 3179 462 3253 diutius
480 3181 670 3254 immorata
682 3196 766 3254 ante
782 3180 886 3253 illum
902 3181 1022 3272 stetit,
1038 3204 1079 3252 ac
1091 3192 1135 3251 ut
1147 3179 1265 3254 horni-

187 3322 275 3371 raem
291 3322 369 3371 nou
391 3297 668 3372 manducantem
691 3324 810 3400 neque
826 3297 1034 3391 bibentem,
1060 3297 1122 3371 sed
1140 3297 1265 3371 oculos

188 3410 294 3486 coelia
313 3413 434 3486 affixos
455 3413 649 3491 habentem
659 3416 861 3515 perspexit,
876 3415 972 3488 hunc
983 3414 1180 3488 Hebraeum
1191 3436 1266 3488 esee

189 3545 228 3605 et
243 3529 309 3603 Dei
328 3531 412 3603 eoeli
427 3548 610 3606 oratorem
628 3533 817 3606 intellexit.
836 3530 1075 3631 Congaudens
1088 3532 1199 3630 igitur
1212 3529 1265 3601 illi

190 3663 238 3720 ut
258 3650 537 3746 compatriotae,
564 3648 730 3724 hebraice
753 3651 867 3751 eoepit
891 3675 1020 3725 canere
1049 3679 1058 3720 ε
1090 3649 1192 3722 Unus
1216 3666 1269 3721 est

193 3764 298 3838 Deua
314 3767 574 3856 Hebraeorum,
594 3770 660 3868 qui
675 3772 809 3843 creavit
823 3773 975 3854 omnia,·
992 3763 1176 3869 apsefecit
1191 3793 1269 3839 coe-

194 3879 275 3953 lent
286 3897 320 3952 et
332 3897 463 3954 terram
471 3939 485 3973 ,
504 3901 538 3955 et
553 3884 822 3985 apsefundaur't
835 3889 967 3958 maria.
985 3885 1071 3956 Haec
1087 3881 1271 3984 apostolus

231 4171 242 4239 l
247 4173 271 4242 ι)
291 4170 365 4225 Dana
377 4171 498 4228 d'autrea
508 4173 640 4246 legendas
652 4174 691 4229 du
704 4175 794 4230 meme
806 4177 893 4243 saint,
909 4192 939 4230 ce
949 4194 1016 4231 nom
1028 4186 1070 4230 ett
1079 4177 1149 4231 e‘crit
1164 4199 1168 4228 :
1184 4174 1271 4229 Mau·

197 4258 364 4330 drinopolis.
