2894 4958
281 463 321 524 32
556 458 738 521 HISTORIA
759 459 1061 526 ECCLESIASTICA.

160 564 162 570 ’
278 580 483 656 sociaverat.
523 577 727 677 Versipellis
765 579 904 655 adulter
938 607 1143 682 praecouem
1178 589 1339 664 veritatis

279 697 440 772 occidere
460 694 599 784 voluit,
627 693 688 768 sed
709 694 909 796 populum,
934 723 1046 800 aquo
1068 701 1132 776 Dei
1154 719 1250 779 vates
1277 734 1338 782 ve.

277 813 486 903 nembalur,
502 811 639 885 timuit.
652 813 830 886 loannem
846 814 954 888 etiam
966 816 1123 893 Herodes
1138 821 1335 914 metuebat,

275 958 384 1034 quem
407 933 527 1005 virum
546 934 685 1031 justum
705 945 742 1003 et
765 946 928 1004 sanctum
953 932 1117 1008 sciebat:
1148 938 1209 1011 sed
1234 965 1338 1014 amor

205 1112 209 1119 .
274 1049 434 1124 mulieris
458 1073 541 1123 eum
566 1047 671 1135 vicit,
691 1047 748 1119 cui
765 1046 930 1122 districto
950 1050 1014 1123 Dei
1028 1049 1165 1150 judicio
1182 1055 1337 1157 contigit

274 1180 315 1239 ut
338 1180 490 1265 propter
512 1161 712 1263 appetitum
738 1159 909 1235 adulterae
934 1161 1142 1265 sanguinein
1165 1167 1336 1246 funderet

272 1283 385 1355 sancti
402 1277 603 1381 prophetae.
623 1277 779 1354 Herodes
795 1277 995 1364 dienatalis
1011 1282 1064 1355 sui
1087 1309 1228 1358 coenam
1248 1287 1336 1361 lecit

270 1394 496 1500 principibus
523 1409 560 1468 et
585 1391 740 1466 tribunis
767 1409 804 1466 et
826 1395 951 1496 primis
980 1394 1152 1473 Galilaeae.
1174 1398 1236 1474 lbi
1260 1402 1343 1476 filia

269 1513 499 1602 Herodiadis,
531 1509 618 1586 dum
646 1511 824 1606 saltasset,
853 1530 889 1589 et
913 1515 1046 1592 Herodi
1075 1507 1253 1621 simulque
1279 1549 1334 1596 re·

270 1627 523 1704 cumbentihus
540 1629 747 1729 placuisset,
763 1632 970 1728 juramento
996 1660 1016 1706 a
1035 1659 1118 1735 rege
1142 1633 1210 1707 sibi
1234 1637 1332 1714 lacto

268 1746 367 1848 quod
387 1745 559 1847 quioquid
574 1734 771 1844 postularet
786 1743 832 1817 ab
848 1772 891 1822 eo
908 1748 1137 1850 impetraret,
1157 1751 1332 1827 instinctu

267 1864 392 1938 matris
404 1859 571 1962 perfidae,
592 1862 630 1934 in
646 1859 744 1936 disco
760 1860 827 1933 sibi
844 1863 948 1963 petiit
967 1865 1043 1937 dari
1061 1882 1169 1967 caput
1183 1869 1332 1945 loannis

266 1983 448 2083 Baptistae.
483 1982 658 2054 Funestus
687 2005 751 2052 rex
781 1980 1034 2080 spiculatorem
1064 1984 1194 2074 misit,
1222 2002 1330 2086 caput

265 2097 499 2200 praecursoris
524 2093 656 2168 Christi
681 2097 857 2195 amputari
876 2099 1001 2196 jussit,
1030 2100 1128 2202 quod
1149 2127 1236 2176 mox
1260 2127 1342 2202 pro.

266 2215 462 2287 saltationis
488 2212 606 2313 pretio
628 2211 775 2284 allatum
796 2214 907 2287 estin
932 2214 1029 2292 disco
1054 2216 1202 2316 puellae,
1231 2219 1331 2292 etin

265 2332 410 2431 impuro
426 2329 593 2403 convivio
607 2345 766 2402 cruentae
784 2328 889 2403 factae
904 2348 990 2405 sunt
1009 2334 1136 2433 epulae.
1156 2334 1330 2435 Discipuli

228 2485 233 2492 ·
264 2475 352 2524 vero
374 2447 522 2522 Joaunis
549 2471 679 2545 corpus
705 2447 743 2519 in
766 2448 922 2522 Samaria
946 2450 1181 2551 sepelierunt,
1207 2468 1244 2527 et
1267 2479 1332 2527 ve-

265 2567 405 2641 nientes
430 2566 474 2638 ad
494 2566 635 2652 lesum,
660 2561 738 2637 haec
755 2565 1021 2660 ¹nuntiaverunt
1045 2568 1116 2667 (1).
1140 2564 1326 2659 Salvator,

264 2684 384 2756 audita
407 2706 493 2755 nece
519 2680 689 2781 Baptistoe
710 2680 784 2769 sui,
811 2680 894 2756 inde
917 2684 1078 2773 secessit,
1103 2699 1140 2758 et
1163 2710 1326 2760 seorsum

263 2818 362 2875 trans
375 2825 472 2873 mare
484 2797 641 2871 Galilaeae
650 2852 662 2887 ,
677 2797 776 2898 quod
791 2814 844 2871 est
859 2797 1077 2889 Tiberiadis,
1092 2801 1132 2872 in
1143 2800 1327 2878 desertum

172 2945 175 2950 ·
259 2919 383 2993 locum
410 2915 521 3006 abiit3
551 2942 628 2991 non
651 2915 781 2990 timore
806 2916 959 3010 mortis,
985 2917 1046 2991 sed
1076 2932 1225 3016 parcens
1255 2919 1327 3014 ini-

262 3035 364 3108 micis
390 3034 480 3121 suis,
509 3059 555 3105 ne
581 3030 775 3108 homicidio
796 3036 993 3134 jungerent
1013 3032 1268 3125 homicidium,
1295 3039 1324 3110 si

261 3148 390 3226 crebro
406 3149 489 3221 visis
507 3132 581 3248 ejus
597 3147 778 3221 miraculis
795 3149 833 3220 in
848 3149 964 3223 zelum
978 3152 1208 3225 irritarentur
1221 3151 1325 3226 lethi·

258 3267 391 3342 ferum.
428 3248 576 3338 Distulit
606 3264 734 3365 'itaque
764 3263 801 3336 iu
832 3260 928 3338 diem
956 3264 1097 3340 Paschae
1132 3266 1324 3342 interitum

259 3409 379 3471 suum,
400 3397 437 3455 et
457 3375 563 3454 nobis
584 3376 743 3478 praebuit
762 3378 965 3478 exemplum
981 3381 1116 3454 vitandi
1134 3384 1321 3456 temerita-

259 3514 334 3575 tem
352 3498 584 3572 tradentium.
642 3548 643 3551 κ

307 3618 399 3689 Cum
415 3613 595 3688 audissent
615 3609 750 3701 turbae,
772 3613 950 3712 pedestres
970 3639 1053 3689 eum
1070 3631 1200 3690 secutae
1218 3636 1317 3692 sunt.
1383 3603 1388 3613 ⁸

257 3733 390 3810 Videas
418 3734 518 3804 lesus
546 3726 689 3801 turbam
714 3729 888 3823 multam,
913 3733 1078 3804 misertus
1103 3749 1155 3806 est
1179 3739 1253 3833 ejus
1283 3751 1319 3810 et

257 3849 394 3922 curavit
431 3843 618 3945 languidos
649 3868 788 3917 eorum.
822 3845 976 3943 Vespere
1006 3843 1126 3936 facto,
1156 3850 1318 3951 quinque

289 4219 327 4289 (ι)
341 4219 440 4276 Marta.
455 4237 507 4287 ur,
527 4234 605 4283 r·ra;
620 4216 704 4272 Marc.
719 4233 763 4285 vr,
787 4218 885 4288 1449,
898 4216 964 4270 Luc.
978 4232 1023 4283 nr,
1042 4231 1085 4287 19,
1100 4231 1149 4284 203
1163 4234 1206 4288 tx,
1220 4236 1277 4293 7-9.
