2894 4958
193 418 235 481 84
468 413 654 476 HISTORIA
675 406 980 473 tectusnsrtct.

194 553 369 640 quantum
402 562 468 609 nos
499 536 680 608 Dominus
709 534 913 634 adjuverit,
952 532 1262 632 quemadmodum

191 659 274 757 geri
284 654 468 756 potuerint
480 651 687 726 ordinemus
704 652 720 749 (
745 651 775 748 ).

134 852 138 857 ,
243 773 359 846 Prima
384 768 520 843 sabbati
547 767 730 856 diluculo,
753 767 847 839 sicut
863 792 988 840 omnes
1006 766 1257 855 consentiunt,

194 906 344 964 ventum
360 902 413 962 est
431 887 475 960 ad
492 901 785 959 monumentum.
803 885 881 956 Jam
904 883 1041 955 factum
1063 899 1138 955 crat
1159 881 1259 984 quod

185 1007 289 1082 eolus
305 1003 497 1081 Matthaeus
511 1016 772 1076 commemorat
787 998 831 1073 de
849 1016 955 1073 terrae
970 1015 1076 1073 motu
1091 1015 1129 1073 et
1143 998 1260 1099 lapide

192 1124 379 1210 revoluto,
400 1119 679 1219 conterritisque
696 1113 925 1205 custodibus3
957 1116 1005 1188 ita
1026 1130 1068 1188 ut
1092 1116 1131 1187 in
1153 1129 1260 1216 purte

186 1243 309 1342 eliqua
322 1236 570 1312 velutmortui
581 1237 755 1335 jacerent.
771 1233 880 1310 Venit
895 1248 1014 1306 autem
1023 1287 1034 1323 ,
1052 1232 1260 1306 sicutJoau·

191 1385 254 1433 nes
264 1357 372 1447 dicit,
382 1354 494 1429 Maria
502 1351 710 1454 Mugdulene
719 1352 796 1424 sine
804 1348 935 1438 dubio;
951 1351 1052 1450 [cum
1064 1350 1140 1450 (2)]
1152 1365 1259 1423 caete·

189 1475 240 1548 ris
250 1470 476 1560 mulieribus,
485 1497 568 1572 quoe
577 1469 735 1544 Domino
745 1467 1050 1556 ministraverunt,
1059 1466 1259 1565 plurimum

186 1591 380 1665 dilectione
392 1588 593 1662 ferventior
599 1615 610 1677 ς
630 1600 761 1659 utnon
776 1584 959 1658 immerito
976 1585 1132 1658 Jounues
1147 1583 1259 1657 solum

188 1724 468 1796 commemoret,
492 1703 609 1778 ta‘citis
626 1703 675 1776 eis
692 1728 775 1803 quae
796 1727 881 1775 cum
905 1701 964 1773 illa
979 1701 1149 1790 fuerunt,
1168 1701 1260 1773 sicut

187 1825 247 1900 alii
266 1839 456 1899 testantur.
477 1823 589 1898 Venit
604 1846 708 1921 ergo,
734 1835 771 1893 et
793 1835 835 1892 ut
854 1818 945 1893 vidit
965 1817 1127 1917 lapidem.
1139 1815 1260 1892 sublo-

187 1958 266 2015 tum
282 1968 303 2014 a
319 1955 580 2029 monumento,
604 1953 798 2038 antequam
815 1935 952 2037 aliquid
972 1936 1179 2037 diligentius
1202 1935 1260 2010 iu·

186 2061 357 2158 spicerct,
372 2085 448 2132 non
464 2055 632 2131 dubitans
649 2055 809 2130 ablatum
826 2055 908 2130 inde
925 2083 998 2131 esse
1014 2082 1144 2156 corpus
1156 2056 1257 2148 Jeou,

186 2175 368 2265 cucurrit,
383 2176 477 2247 sicut
490 2173 578 2247 dicit
592 2174 687 2247 idem
703 2175 858 2248 Joannes
867 2228 879 2263 ,
897 2191 933 2248 et
953 2173 1135 2247 nuntiavit
1151 2173 1258 2246 Petro

186 2307 294 2390 atque
314 2290 379 2389 ipsi
396 2291 540 2363 Joanni.
567 2291 645 2388 lpse
668 2305 722 2362 est
740 2291 838 2363 enim
854 2288 1049 2389 discipulus
1070 2314 1181 2388 quem
1200 2288 1260 2362 di·

186 2404 319 2506 ligebat
335 2407 448 2478 Jesus.
466 2401 516 2474 At
535 2402 588 2473 illi
605 2428 750 2475 currere
770 2419 963 2501 coeperunt
980 2404 1024 2475 ud
1037 2428 1259 2479 monumen-

188 2536 287 2607 tum,
317 2533 353 2592 ct
378 2516 601 2618 praeveniens
629 2517 785 2607 Joannes
813 2517 999 2591 inclinavit
1024 2543 1079 2607 sc,
1109 2533 1147 2591 et
1168 2518 1260 2591 vidit

186 2636 302 2736 positu
319 2633 551 2723 linteamina3
572 2658 649 2707 nou
674 2647 794 2706 tamen
812 2633 975 2706 intravit.
995 2635 1123 2708 Petrus
1139 2649 1259 2708 autem

187 2764 400 2824 consecutus
418 2748 568 2820 intravit
586 2748 623 2820 in
641 2764 918 2821 monumentum
927 2801 939 2837 ,
966 2762 1003 2822 et
1018 2746 1109 2839 yidit
1127 2749 1260 2825 lintea·

186 2866 284 2939 mino
306 2864 442 2965 positu,
467 2877 504 2937 et
527 2861 729 2958 sudarium,
755 2861 855 2963 quod
875 2862 995 2937 fuerat
1019 2891 1127 2965 super
1152 2880 1259 2966 caput

224 3191 262 3261 (ι)
275 3190 303 3245 S.
314 3192 399 3262 Aug„
411 3187 447 3242 de
460 3187 542 3243 Cous.
553 3188 679 3260 Evaug„
694 3204 733 3256 ιιι,
743 3186 788 3261 69
801 3187 877 3242 Tout
887 3205 918 3243 oe
928 3187 1059 3262 quieuit,
1070 3188 1259 3264 jutqu’tl’ali-

188 3279 241 3333 nea
255 3278 327 3333 dela
339 3296 408 3352 page
420 3277 464 3353 87,
479 3286 521 3332 est
533 3278 683 3350 empruute
695 3295 731 3330 au
744 3276 835 3332 meme
846 3294 978 3351 ouvrage3
993 3277 1070 3347 ibid,
1085 3277 1134 3353 69,
1148 3298 1193 3355 70.

227 3372 267 3440 (2)
285 3371 325 3426 Ce
341 3379 401 3424 mot
418 3387 453 3422 ne
471 3385 500 3422 ee
512 3379 610 3422 trouve
630 3384 678 3440 pas
698 3367 766 3421 dans
786 3367 825 3422 les
845 3368 914 3423 bons
930 3369 1111 3438 manuscrits3
1129 3371 1204 3426 aussi
1220 3369 1259 3427 let

191 3458 366 3516 Benedictiue
379 3455 496 3512 l'out-ils
508 3456 632 3511 exclude
642 3456 703 3511 leur
715 3455 821 3512 edition
833 3457 869 3513 de
880 3457 952 3512 saint
962 3460 1111 3531 Augtutin.
1121 3458 1169 3514 Uu
1180 3469 1263 3524 autre

192 3566 320 3621 perunge,
334 3547 432 3601 extruit
444 3546 484 3600 du
496 3546 586 3602 meme
599 3548 683 3615 Peru,
699 3565 802 3621 prourc
813 3566 868 3622 que
879 3557 959 3602 notre
972 3559 1072 3603 auteur
1086 3550 1149 3604 n’eu
1161 3550 1260 3604 avait&

193 3657 221 3693 sa
234 3638 397 3710 disposition
409 3637 497 3710 qu’uu
507 3647 582 3693 terte²
591 3638 765 3694 defectueux.
780 3639 856 3694 Nous
868 3657 950 3694 avons
959 3658 995 3692 vu
1004 3639 1154 3708 ci-dessus,
1165 3658 1193 3712 p.
1206 3657 1256 3713 ²9²

196 3729 367 3783 centesimus
374 3726 493 3797 fructus
504 3731 648 3802 virginum
661 3738 703 3783 est
714 3738 742 3783 et
751 3740 909 3803 martyrum
923 3750 975 3803 pro
989 3731 1117 3785 societate
1129 3732 1200 3786 uitoe
1210 3749 1260 3786 seu

194 3827 351 3891 contemptu
364 3823 467 3873 mortis.
489 3819 563 3874 C'eet
576 3819 763 3875 evidemment
780 3820 807 3874 la
824 3819 1022 3894 reproduction
1040 3820 1075 3875 de
1094 3839 1138 3876 ces
1151 3819 1260 3894 pat-olet

193 3907 229 3963 de
242 3909 312 3962 mint
326 3908 479 3979 Angustia,
495 3907 563 3963 dans
575 3926 616 3963 ces
633 3910 738 3981 Quoest.
754 3910 902 3982 Evangel„
918 3910 967 3965 lib.
984 3928 1005 3978 ι,
1020 3920 1114 3983 quest.
1128 3927 1167 3983 9:
1186 3911 1259 3965 Gen-

195 3998 321 4052 tesimum
335 4005 492 4069 martyrum
502 4005 617 4070 propter
628 3998 781 4051 satietatem
798 4000 867 4053 vitoe
883 4000 933 4054 vel
944 4007 1129 4070 contemptum
1147 4002 1245 4054 mortis
1250 4024 1259 4062 ,-

195 4087 263 4140 mais
280 4085 299 4139 il
316 4083 403 4140 sassait
419 4085 471 4142 lire
489 4090 645 4142 satietatem
658 4087 845 4143 commodans
861 4088 887 4144 le
908 4099 981 4145 texte
997 4090 1142 4163 imprime,
1166 4108 1204 4145 ou
1224 4108 1259 4145 au

196 4176 284 4228 moins
302 4178 488 4242 sanctitatem,
503 4195 610 4232 comme
623 4186 737 4249 portent
750 4196 788 4234 un
803 4178 890 4251 grand
904 4179 1020 4235 nombre
1034 4179 1069 4234 de
1081 4179 1258 4235 manuscrits.
