2894 4958
196 397 257 458 852
471 395 656 458 HlS'l'Olllh
678 397 982 463 uectusttstlct.

197 517 351 594 ethnicis
369 519 592 594 contritione
611 520 806 594 interemit.
825 521 955 597 Caeteri
971 540 1093 617 autem
1110 524 1174 626 qui
1187 554 1260 602 era·

198 651 342 722 serunt,
356 636 393 707 in
404 635 765 735 templumApollinis
774 636 960 739 sugerunt.
971 640 1126 743 Insignis
1134 643 1260 720 athlete

197 750 329 826 Christi
343 749 557 824 Salaminam
572 749 700 827 urbem
713 753 893 843 introivit,
910 753 1032 856 ibique
1047 754 1260 860 synagogam

194 868 406 943 Judaeorum
417 866 570 956 invenit,
587 869 644 941 cui
661 868 897 970 Evangelium
910 869 1044 944 Christi
1056 890 1260 950 constanter

195 987 421 1088 praedicavit,
441 999 478 1058 et
501 984 678 1085 'plurimos
700 986 911 1060 Judaeorum
931 987 976 1061 ad
998 987 1109 1063 fidem
1131 990 1260 1065 Christi

196 1103 389 1178 convertit.
405 1100 511 1194 Quod
524 1103 748 1203 comperiens
765 1104 911 1204 BarJeu,
924 1130 1074 1181 omnem
1090 1108 1260 1185 malitiam

195 1247 296 1295 suam
313 1218 489 1309 ostendit,
511 1235 547 1293 et
563 1219 778 1296 seditionem
793 1222 831 1294 iu
849 1237 1014 1296 sunctum
1039 1225 1105 1299 Ilei
1123 1241 1261 1324 aposto·

193 1336 272 1410 lum
299 1335 507 1409 concitavit.
535 1335 650 1411 Judoei
677 1364 764 1412 vero
790 1330 1094 1438 comprehensum
1124 1340 1258 1416 consuli

196 1452 384 1526 Salaminee
408 1450 549 1526 tradem
572 1454 786 1544 voluerunt,
813 1455 874 1529 sed
897 1472 1000 1530 antea
1022 1456 1150 1530 multis
1179 1483 1260 1558 sup-

193 1570 329 1673 pliciis,
359 1569 537 1672 rariisque
561 1570 777 1645 cruciatibus
805 1574 922 1673 ipsum
946 1575 1168 1650 afflixerunt.
1200 1577 1260 1650 De·

75 1734 77 1738 2
193 1687 298 1776 hinc,
314 1712 397 1761 cum
412 1703 630 1761 maceratum
645 1704 682 1762 et
697 1704 900 1788 quassatum
913 1691 1034 1789 poenis
1048 1691 1095 1763 ad
1103 1691 1258 1791 judican-

191 1806 280 1880 dum
289 1806 844 1906 ducerentcompereruntquod
853 1806 1107 1894 Eusebius,vir
1115 1834 1257 1909 magnus

192 1941 230 2000 et
254 1939 482 2024 praepotens,
504 1922 548 1996 de
570 1923 743 2023 progenie
767 1925 1012 2023 imperatoris,
1035 1924 1081 1999 ¹in
1112 1927 1257 2000 insulam

194 2042 397 2128 devenirem
417 2039 643 2140 nimiumque
665 2057 826 2116 verentes
847 2070 894 2117 ne
911 2043 1015 2116 illum
1032 2043 1077 2118 dc
1094 2043 1254 2118 manibus

194 2186 319 2235 eorum
342 2159 515 2257 eriperet,
534 2156 660 2232 funem
678 2158 715 2230 in
737 2157 834 2233 collo
848 2163 925 2259 ejus
938 2160 1162 2261 ligaverunt,
1182 2186 1255 2234 noo·

192 2294 304 2380 tuque
328 2274 561 2350 dilaceratum
591 2302 611 2347 u
639 2301 816 2377 synagoga
850 2279 888 2352 in
914 2277 1203 2378 hippodromum
1225 2291 1255 2353 et

192 2392 276 2468 iude
299 2392 390 2467 soris
414 2407 558 2490 portam
581 2406 849 2490 pertraxerunt.
868 2393 1031 2469 Posthaec
1050 2395 1161 2469 illum
1184 2397 1254 2496 igue

192 2507 507 2601 circumdederunt
522 2524 559 2581 et
573 2507 768 2584 crudeliter
780 2526 1043 2585 cremaverunt.
1064 2512 1126 2584 Sic
1139 2512 1253 2586 heatus

190 2624 394 2725 apostolus,
414 2638 497 2724 post
512 2624 647 2699 multos
663 2652 793 2726 agones
810 2641 845 2700 et
858 2625 1027 2700 diuturna
1042 2630 1249 2715 certamina,

190 2767 260 2842 pro
275 2740 410 2814 Christi
428 2766 550 2814 amore
573 2741 717 2814 adustus
734 2743 904 2842 migravit
923 2742 966 2815 ad
982 2742 1110 2844 gaudia
1128 2744 1251 2845 sempi-

190 2877 305 2936 terna.
329 2859 433 2960 lmpii
456 2875 577 2932 autem
591 2858 720 2947 Judaei,
740 2887 816 2935 non
833 2861 948 2934 satiati
970 2860 1015 2934 de
1031 2887 1124 2936 nece
1144 2862 1248 2948 illius,

190 2977 355 3052 tulerunt
370 3002 500 3076 corpus
517 2978 609 3074 ejus,
631 2991 667 3049 et
687 2976 724 3049 in
743 2976 873 3051 locello
887 2975 1060 3076 plumbeo
1077 2977 1251 3052 recluden-

191 3110 243 3167 tes
256 3095 295 3168 in
306 3120 405 3168 mare
416 3092 673 3193 disposuerunt
683 3095 922 3193 praecipitare.
939 3094 1093 3168 Interim
1105 3096 1253 3181 Jounues¹

189 3212 350 3300 Marcus,
361 3237 445 3284 cum
456 3210 835 3300 Timoneetllodoue,
851 3229 1014 3284 sanctum
1025 3237 1164 3310 corpus
1176 3236 1251 3286 noo·

189 3331 308 3403 turnis
322 3329 422 3404 horis
440 3328 581 3405 occulte
598 3328 703 3417 tulit,
717 3330 804 3403 etin
821 3344 970 3430 crypta,
988 3355 1072 3430 quae
1090 3329 1182 3402 olim
1196 3328 1250 3402 ha·

186 3445 317 3522 hitatio
333 3446 580 3523 Jehusaeorum
600 3445 740 3538 suerat,
765 3458 821 3518 111⁰
840 3445 919 3518 idus
931 3446 1026 3543 junii
1052 3445 1248 3520 collocarit.

188 3564 244 3639 Ob
262 3563 354 3638 hanc
372 3565 491 3664 itaque
504 3563 784 3638 occultationem
796 3562 962 3663 plurimis
978 3588 1166 3638 annorum
1183 3588 1251 3635 cur·

186 3679 310 3769 riculis
327 3678 530 3754 venerabile
550 3704 681 3779 corpus
699 3679 825 3767 latuit,
845 3704 912 3752 nec
930 3678 1087 3752 inveniri
1106 3705 1126 3751 a
1144 3677 1251 3752 chris·

187 3798 305 3873 ticolis
325 3797 451 3871 valuit.
481 3797 643 3870 Tandem
666 3812 830 3896 tempore
848 3795 1006 3870 Zenonis
1028 3794 1248 3894 imperatoris

186 3930 222 3988 et
245 3916 356 3986 salicti
383 3913 512 3989 Gelasii
534 3939 656 4013 papae,
682 3913 807 3988 eodem
825 3927 948 3986 sancto
969 3911 1139 4011 apostolo
1156 3936 1248 3985 rere·

185 4028 281 4102 laute
300 4029 486 4102 inventum
500 4044 571 4118 est,
587 4043 624 4100 et
638 4055 721 4101 cum
735 4027 880 4128 hymnis
897 4042 934 4101 et
951 4025 1118 4099 laudibus
1136 4026 1180 4099 ad
1196 4024 1247 4096 ho

185 4171 313 4220 norem
325 4151 391 4226 Dei
405 4143 556 4218 mirifice
568 4143 784 4219 collocatum
796 4158 861 4218 est.
873 4145 945 4218 Pro
956 4141 1070 4216 sancti
1080 4137 1246 4216 Barnehae
