2894 4958
545 463 662 528 LIBER
681 463 892 528 SECUNDUS.
1195 465 1251 528 371

189 614 271 662 oum
297 589 398 662 omni
425 584 585 659 exercitu
608 610 673 658 sno
699 585 814 657 nimio
838 608 999 656 moerore
1015 584 1162 656 affectus
1179 601 1254 674 est,

188 707 459 808 lacrymansque
471 701 697 776 Lemovicam
710 701 753 773 ad
764 701 909 775 beatum
923 701 1123 775 Martialem
1134 703 1235 777 venit
1243 756 1254 790 ‚

190 824 378 924 ipsumque
395 818 582 893 humiliter
595 844 664 918 pro
677 818 755 892 filio
770 844 835 892 suo
847 817 1056 919 deprecatus
1069 836 1135 892 est.
1150 822 1256 893 Tunc

189 938 314 1013 multae
341 936 458 1010 turbae
479 934 688 1010 Gothorum
716 953 754 1008 et
777 937 1002 1011 Wasconum
1029 938 1255 1011 Lemovicum

189 1070 383 1142 venerant,
402 1067 439 1126 ct
454 1076 496 1126 ex
513 1050 659 1125 diversis
671 1050 879 1153 regionibus
894 1052 1014 1152 plures
1029 1051 1114 1125 illuc
1127 1055 1252 1154 populi

189 1170 461 1257 confluxerant,
480 1193 520 1239 ac
540 1193 559 1239 a
582 1164 688 1242 beato
705 1168 786 1240 viro
803 1166 911 1241 verba
933 1193 1028 1241 verae
1051 1168 1173 1240 salutis
1191 1196 1256 1241 au-

186 1287 266 1361 dire
284 1283 488 1387 cupiebant.
507 1281 703 1358 Archadius
724 1299 761 1358 et
780 1285 898 1357 omnis
914 1284 1069 1385 populus
1087 1285 1132 1358 ad
1151 1285 1257 1386 pedes

190 1403 348 1491 bominis
366 1403 431 1476 Dei
447 1429 484 1475 se
499 1404 751 1502 projecerunt,
769 1417 805 1476 ct
826 1428 908 1474 cum
934 1429 1065 1504 magno
1083 1403 1171 1477 lletu
1187 1430 1257 1504 pro

188 1520 411 1595 adolescente
434 1519 471 1592 in
492 1516 644 1592 flumine
668 1516 831 1591 demerso
857 1517 1149 1592 obsecraverunt.
1180 1522 1259 1619 Ipse

188 1662 334 1738 quoque
360 1635 445 1708 llere
467 1635 596 1733 coepit,
616 1647 653 1707 et
672 1634 709 1706 in
735 1633 854 1707 cilicio
876 1633 1085 1708 discalciatis
1108 1635 1259 1736 pedibus

140 1779 142 1783 ·
187 1754 232 1828 ad
256 1754 376 1827 locum
396 1752 567 1851 perrexit.
594 1748 789 1824 Orantibus
814 1776 901 1825 vcro
928 1740 1087 1842 cunctis,
1114 1755 1171 1825 vir
1194 1755 1256 1827 Dei

187 1871 368 1945 daemones
384 1871 423 1942 in
442 1869 748 1942 fovea·latitantes
763 1867 960 1967 adjuravit,
984 1870 1199 1970 praecipiens
1216 1887 1259 1944 ut

186 2014 319 2087 corpus
335 1985 567 2060 adolescentis
593 1985 638 2058 ad
663 1984 779 2084 ripam
803 1985 964 2057 fluminis
992 1985 1196 2082 deferrent,
1221 2005 1259 2062 ct

188 2105 256 2204 ipsi
280 2105 318 2177 in
341 2120 535 2203 conspectu
551 2101 667 2204 plebis
682 2101 863 2176 manifesti
878 2120 1107 2204 apparerent.
1129 2107 1257 2179 Statim

187 2249 318 2323 oorpus
344 2222 389 2294 ad
410 2223 527 2322 ripam
548 2219 648 2294 fluvii
671 2222 874 2320 projectum
892 2236 962 2310 est,
983 2222 1081 2322 quasi
1100 2249 1160 2296 sex
1186 2238 1259 2296 sta-

186 2340 272 2429 diis,
293 2339 330 2412 iu
348 2339 504 2428 siccum3
527 2353 565 2413 et
577 2337 760 2414 daemones
776 2338 844 2410 visi
862 2354 949 2411 sunt
969 2338 1007 2410 in
1021 2339 1257 2415 similitudine

186 2483 395 2558 porcorum.
412 2456 550 2531 Deinde
566 2455 703 2556 populo
718 2455 931 2555 deprecante
950 2470 988 2529 et
1004 2455 1174 2556 episcopo
1192 2457 1258 2531 ima

187 2588 373 2674 precante,
391 2573 435 2647 de
451 2571 601 2646 llumine
614 2597 697 2644 cum
714 2596 846 2672 magno
864 2571 1003 2671 impetu
1018 2572 1203 2663 exierunt,
1219 2589 1255 2648 et
1328 2652 1333 2659 ,

186 2707 270 2766 ante
300 2689 405 2792 pedes
433 2689 545 2762 sancti
573 2688 747 2762 Martialis
774 2705 966 2763 venerunt.
994 2689 1110 2762 Erant
1136 2707 1258 2766 autem

185 2809 287 2909 quasi
299 2805 487 2907 AEthiopes
497 2807 673 2908 nigriores
682 2805 846 2907 fuligine,
860 2805 966 2905 pedes
980 2831 1106 2879 eorum
1118 2810 1255 2909 magni,

187 2922 365 2998 terribiles
380 2922 477 2997 oculi
492 2939 529 2996 et
540 2923 703 3012 cruenti,
718 2921 837 3020 capilli
853 2935 973 2994 totum
988 2921 1156 3022 tegebant
1170 2951 1255 2999 cor·

184 3067 271 3140 pus,
288 3056 396 3142 atque
411 3067 477 3140 per
493 3065 533 3113 os
549 3065 677 3114 eorum
693 3052 729 3112 ct
743 3065 846 3112 nares
861 3039 954 3139 ignis
972 3039 1159 3114 emanabat
1177 3043 1256 3115 sul-

186 3157 356 3258 phureus.
393 3164 597 3260 Loquentes
629 3183 716 3231 vero
746 3156 932 3229 corvinam
962 3183 1087 3231 vocem
1121 3158 1253 3233 imitari

185 3275 415 3351 videbantur.
450 3277 606 3352 Proesule
640 3277 787 3351 nomina
819 3302 947 3351 eorum
980 3278 1252 3380 interrogante,

184 3420 279 3469 unns
295 3422 421 3470 eorum
439 3395 537 3469 dixit
563 3425 572 3469 ε
597 3396 684 3497 Ego
710 3421 825 3470 vocor
845 3393 1136 3490 Milkffdnffea,
1166 3405 1255 3498 quia

184 3511 285 3584 mitte
300 3511 418 3586 habeo
438 3527 533 3587 artes
556 3513 611 3584 ad
628 3511 885 3615 decipiendum
904 3539 1021 3613 genus
1038 3511 1251 3588 buatanum.

184 3626 288 3704 Alter
304 3627 418 3704 dixit:
436 3630 631 3732 Neptunus
651 3655 855 3731 nuncupor,
881 3631 970 3729 quia
986 3629 1115 3702 multos
1133 3629 1254 3704 bomi-

185 3771 249 3818 ues
276 3747 315 3817 in
342 3746 414 3819 bac
423 3743 542 3845 fovea
561 3747 798 3848 praecipr'twi
826 3760 861 3816 ct
894 3745 933 3816 in
963 3741 1097 3843 iry'emi
1115 3772 1251 3846 poenos

185 3861 353 3936 demersi.
384 3864 535 3937 Sanctus
559 3861 727 3963 pontifex
757 3861 883 3933 dixit:
914 3861 960 3933 Ut
985 3862 1080 3961 quid
1101 3869 1253 3961 gestatis

184 3980 314 4080 igneas
326 3997 475 4055 catenas
486 3984 525 4055 in
533 3980 686 4054 naribus
695 3976 849 4052 oestn's?
859 3977 1048 4052 Daemones
1056 3961 1227 4053 dixerunt
1240 4013 1249 4054 :

187 4096 352 4197 Quando
365 4102 509 4173 animas
522 4099 708 4174 homiuum
721 4097 945 4197 decipimus,
967 4096 1023 4169 ad
1037 4101 1251 4197 magistrum

183 4230 348 4290 nostrum
360 4242 443 4290 cum
455 4214 512 4290 laia
526 4215 665 4290 camnis
680 4213 863 4288 ducimus.
881 4211 1029 4288 Praesuli
1045 4236 1131 4288 vero
1144 4213 1252 4288 iuter·
1331 4219 1340 4231 '
