2916 4958
133 416 148 465 t
550 404 666 484 LIBER
686 402 918 468 SECUNDUS..
1199 412 1258 470 tat

184 552 257 627 pm
281 525 387 598 nobas
407 527 631 624 majestatem
654 525 825 613 Domini,
853 540 892 596 ut
915 524 1023 597 donet
1044 525 1148 600 nobis
1171 553 1259 603 vem

190 643 273 716 tuce
281 643 440 746 perfrui.
459 643 592 713 Amen.

239 757 287 832 V.
305 755 459 832 lacobus
472 773 510 830 et
524 757 701 846 Jonunes,
719 756 783 829 filii
800 755 983 846 Zebedaei,
1001 757 1180 834 aChristo
1196 787 1259 860 ap·

189 871 312 973 pellati
327 887 413 952 sunt
423 875 643 971 Boauerges,
661 871 734 946 sire
751 888 793 944 ut
808 872 936 948 melius
952 873 1106 973 legitur:
1122 877 1258 950 Boane·

190 1015 291 1070 reem
313 989 391 1087 (t)',
411 987 447 1060 id
464 1002 517 1060 est
525 987 609 1087 filii
626 989 777 1061 tonitrui
782 1018 796 1077 ,·
814 1014 857 1061 ex
875 988 1046 1063 firmitate
1068 1005 1105 1064 et
1125 991 1259 1090 magni·

191 1103 320 1179 tudine
330 1103 413 1178 fidei
421 1157 432 1192 ,
446 1101 516 1204 qua
530 1118 727 1178 tenuerunt
740 1103 997 1180 inviolabiliter
1008 1122 1045 1180 et
1057 1105 1259 1182 docuerunt

191 1220 459 1297 immaculatam
486 1221 601 1322 legem
631 1222 791 1296 Domini.
822 1220 976 1296 Jacobus
1003 1226 1263 1326 supplantator

191 1338 469 1438 iuterpretatur,
492 1340 647 1412 loannes
672 1339 759 1414 vero
782 1340 857 1411 Dei
878 1345 1020 1440 gratia,
1040 1342 1097 1417 rel
1123 1344 1162 1415 in
1188 1369 1260 1443 quo

191 1473 245 1529 cst
257 1458 398 1556 gratia.
415 1456 548 1529 Merito
568 1455 670 1530 electi
684 1455 814 1530 fratros
830 1473 904 1531 tam
924 1457 1028 1530 claris
1051 1456 1260 1533 nominibus

190 1572 339 1644 vocitati
365 1588 470 1661 sunt,
497 1571 560 1672 qui
590 1598 655 1671 per
678 1572 1006 1673 supplantationem
1028 1576 1203 1651 vitiorum
1222 1579 1260 1650 iu

191 1688 308 1764 stadio
333 1688 470 1791 fragilis
496 1690 580 1763 vitae
610 1705 816 1766 tortuosum
841 1709 1044 1792 serpentem
1071 1694 1260 1796 insiguiter

192 1808 378 1897 vicerunt,
403 1823 440 1882 et
465 1809 569 1881 amici
594 1809 658 1883 Dei
681 1809 847 1908 speciales
872 1810 988 1884 effecti
1009 1826 1112 1899 suut;
1131 1803 1262 1884 multi-

191 1924 359 2028 plicique⁴
370 1926 467 1998 illius
484 1927 598 2027 gratia
615 1925 765 2025 repleti,
784 1941 942 1999 sanctam
960 1942 1115 2002 matrem
1133 1928 1262 2002 Eccle-

192 2043 282 2117 siam
291 2044 451 2118 veritatis
463 2043 628 2117 doctrina
640 2043 922 2117 illustraverunt.
936 2043 987 2117 De
996 2043 1260 2135 beatotacobo,

191 2158 349 2260 qualiter
361 2158 530 2233 intudaea
545 2171 582 2232 ct
594 2158 751 2231 Samaria
766 2158 1073 2259 evangelizaverit,
1089 2174 1126 2234 et
1136 2158 1182 2232 ab
1193 2162 1263 2234 He·
1309 2230 1312 2246 ,

192 2277 282 2352 mdc
295 2275 495 2353 Aristoboli
511 2275 590 2351 filio
605 2277 841 2379 martyrium,
859 2276 1086 2377 principibus
1101 2276 1262 2351 sacerdo-

193 2404 273 2465 tum
302 2411 336 2466 et
364 2390 547 2492 pharisaeis
567 2391 836 2481 accusantibus,
860 2392 1071 2491 pertulerit,
1099 2393 1193 2465 sicut
1216 2388 1262 2464 ab

192 2508 352 2608 antiquis
381 2507 620 2608 scriptoribus
647 2507 786 2581 editum
814 2510 953 2606 reperi,
984 2508 1196 2608 simpliciter
1225 2509 1264 2580 in

192 2623 411 2724 praecedenti
430 2624 527 2699 libro
544 2628 599 2725 (a)
616 2623 865 2700 adbreviatum
881 2625 964 2698 huic
980 2626 1155 2725 opusculo
1172 2627 1263 2700 insc-

193 2743 265 2814 rui.
281 2740 390 2815 Nunc
402 2741 447 2815 de
458 2743 598 2815 Joanne
610 2739 780 2842 theologo
794 2741 865 2838 (3),
881 2741 965 2814 Jesu
983 2739 1117 2814 Christi
1132 2742 1262 2831 amico,

194 2859 327 2958 scripta
344 2857 544 2958 investigo,
567 2873 604 2933 et
621 2884 661 2931 ea
679 2855 839 2930 breviter
860 2856 905 2929 ad
928 2856 1068 2931 laudem
1092 2858 1184 2957 regis
1201 2860 1264 2930 Sa-

207 3150 270 3264 l(r)
286 3192 368 3248 Cette
381 3191 538 3246 correction
550 3201 593 3246 est
604 3189 639 3246 de
652 3191 724 3246 saint
734 3190 855 3248 Jerome.

228 3281 269 3350 (a)
286 3279 326 3335 Ce
335 3279 405 3335 n‘est
413 3297 461 3353 pas
470 3279 538 3334 dans
545 3279 571 3334 le
580 3279 649 3334 livre
658 3277 818 3352 precedent,
828 3279 897 3334 mais
906 3278 975 3333 dans
982 3278 1111 3348 celui-ci,
1122 3278 1265 3354 pagensis,

194 3387 251 3445 que
268 3379 351 3432 notre
365 3380 465 3426 auteur
483 3389 498 3424 a
515 3371 606 3425 insere
622 3387 678 3425 une
695 3368 813 3443 legende
831 3368 867 3424 de
884 3369 956 3424 saint
973 3369 1266 3443 Jacques-le-Majeur,

195 3461 374 3533 smprunttffi
390 3476 498 3514 comme
510 3476 582 3514 nous
594 3458 696 3514 l'avons
707 3457 763 3526 dit,
782 3477 818 3514 au
832 3459 896 3514 faux
911 3456 1024 3514 abtin.
1037 3457 1085 3515 On
1096 3459 1180 3515 serait
1191 3465 1269 3516 tante

196 3544 231 3602 ds
241 3547 348 3616 croire,
362 3545 470 3620 d’aprts
483 3565 528 3602 ces
539 3557 612 3602 mou
624 3570 630 3602 z
643 3546 817 3621 praecedenti
828 3547 913 3615 libro,
928 3564 984 3620 que
995 3544 1063 3602 dans
1073 3546 1202 3620 l'on'giue
1218 3547 1266 3620 ily

194 3632 267 3690 nsit
275 3643 355 3690 euna
367 3651 413 3690 ces
424 3633 497 3689 detu
510 3650 636 3708 passages
648 3633 687 3689 du
703 3633 806 3690 second
821 3634 890 3689 livre
902 3652 957 3689 uuo
973 3652 1110 3708 ccupare,
1125 3633 1268 3709 peut-etro

195 3722 318 3796 pbstea
336 3723 412 3778 lafin
426 3723 462 3778 de
477 3724 503 3780 la
516 3725 629 3798 portion
641 3726 758 3780 extruite
773 3724 821 3780 des
835 3725 923 3779 Actes
936 3722 987 3778 des
1001 3724 1134 3797 Apeltres.
1148 3724 1222 3779 Dans
1241 3723 1267 3778 le

195 3812 349 3867 manuscrit
366 3811 402 3869 de
414 3800 634 3880 saint-Ermult,
655 3811 676 3867 it
692 3813 777 3868 existe
789 3831 845 3869 une
857 3812 955 3868 lacuna
966 3811 1050 3868 d'une
1067 3830 1137 3886 page
1149 3813 1229 3887 apres
1241 3811 1267 3866 le

195 3900 369 3974 paragraphe
382 3901 477 3957 relatis
487 3904 504 3956 a
516 3903 603 3956 sainte
616 3902 776 3958 Petronille.

229 3987 271 4063 (3)
289 3988 361 4046 Oua
373 3989 436 4063 deja
450 4009 489 4064 pu
501 4009 664 4066 remarquer
676 3991 745 4046 dans
755 3991 783 4046 lo
799 3993 920 4066 premier
931 3990 999 4048 livre
1015 4009 1048 4047 ce
1063 3992 1131 4048 titre
1141 3992 1177 4047 de
1191 3993 1267 4047 theo-

196 4078 292 4153 logus,
304 4096 361 4153 qus
373 4089 455 4134 notre
466 4091 565 4135 auteur
574 4098 603 4136 se
616 4080 684 4154 plslt
697 4085 713 4136 t
724 4081 833 4136 donner
842 4084 858 4135 t
868 4081 941 4136 saint
949 4082 1018 4136 Jean
1030 4067 1240 4155 l’Evaugtlistc‚
1255 4085 1270 4134 a

198 4167 341 4244 l'exemple
351 4169 391 4225 du
404 4171 510 4226 concile
522 4160 659 4246 d’llphese
672 4184 700 4229 et
711 4172 747 4227 de
757 4172 895 4247 plusieurs
904 4173 1015 4230 anciens
1025 4173 1119 4232 Perus.
1129 4173 1207 4231 c‘ess
1216 4190 1271 4227 une
