2894 4958
545 429 662 492 LIBER
681 430 892 493 SECUNDUS.
1192 436 1252 498 375

185 552 343 642 audivit,
363 550 505 651 conjugi
522 575 594 622 suae
610 548 811 624 Benedictae
830 550 1003 650 praecepit
1022 566 1064 623 ut
1081 551 1254 627 festinan-

182 687 245 745 ter
265 667 309 742 ad
331 668 518 742 hominem
541 667 604 739 Dei
621 682 808 768 pergeret,
828 682 864 740 et
881 693 971 741 xxvi
990 667 1098 741 libras
1114 672 1191 744 auri
1217 687 1254 746 et

185 801 378 885 argentum
389 783 563 857 sufficiens
577 809 696 856 aecum
709 783 886 875 deferret,
902 785 1065 886 factaque
1076 786 1253 885 petitione

187 903 485 1003 propitiationem
510 900 575 974 Dei
600 926 664 1000 per
689 904 766 1001 ejus
789 902 944 976 amicum
964 902 1032 976 sibi
1054 902 1251 978 obtineret.

187 1022 238 1096 At
261 1021 321 1094 illa
344 1047 427 1094 cum
448 1045 585 1092 summa
607 1018 796 1093 velocitate
820 1021 989 1120 imperata
1008 1036 1256 1121 competenter

188 1140 347 1239 paravit,
362 1154 399 1213 et
416 1164 499 1211 cum
515 1137 654 1212 duobus
666 1138 827 1212 millibus
843 1139 1061 1240 octingentis
1075 1137 1255 1242 equitibus

187 1257 235 1330 ad
263 1258 383 1331 virum
407 1257 472 1330 Dei
498 1257 670 1356 perrexit.
698 1259 912 1333 Perveniens
935 1274 1055 1332 antem
1082 1245 1127 1331 ad
1153 1258 1258 1330 illum
1354 1244 1356 1249 ’

140 1401 147 1410 ·
188 1370 403 1446 fiducialiter
418 1398 488 1473 pro
506 1372 575 1446 viri
592 1373 646 1445 sui
667 1372 779 1448 salute
794 1374 912 1473 petiit.
936 1374 1052 1473 Super
1067 1377 1166 1472 cujus
1187 1373 1257 1447 fide

187 1486 313 1563 beatus
341 1491 399 1564 vir
424 1489 658 1582 exhilaratus,
692 1491 880 1565 sanitatem
905 1506 1044 1592 aegroto
1070 1490 1253 1591 promisit.

189 1607 297 1680 Tunc
315 1605 484 1682 baculum
507 1634 612 1681 suum
635 1622 812 1683 matronae
837 1606 1002 1697 tradidit,
1021 1634 1062 1681 ac
1085 1622 1128 1679 ut
1150 1636 1259 1711 super

188 1724 361 1797 maritum
375 1751 481 1798 suum
497 1741 670 1825 poneret,
691 1739 732 1795 ut
750 1739 951 1815 sanaretur,
969 1725 1155 1824 praecepit.
1177 1727 1260 1799 An-

189 1867 275 1914 rnm
291 1857 412 1917 autem
427 1857 464 1916 et
486 1857 676 1943 argentum
699 1841 859 1940 accipere
883 1841 1023 1930 noluit,
1050 1841 1112 1915 sed
1137 1842 1258 1914 divina

190 1955 390 2032 secundum
408 1958 555 2031 Domini
574 1971 796 2058 praeceptum
813 1954 985 2030 beneficia
1007 1958 1116 2058 gratia
1132 1984 1260 2059 eroga·-

190 2076 258 2147 vit.
279 2073 451 2149 Nobilem
470 2101 558 2150 vero
572 2074 802 2162 Benedictam
824 2088 861 2148 et
877 2099 1004 2149 omnes
1026 2074 1164 2149 itineris
1185 2079 1260 2173 eiua

189 2191 342 2265 comites
361 2189 573 2291 baptizavit,
593 2207 630 2266 et
654 2216 779 2265 omnes
802 2191 841 2264 in
868 2189 938 2264 fide
961 2189 1193 2267 confirmator
1215 2192 1260 2266 ad

191 2306 339 2406 propria
353 2308 507 2380 remisit.

241 2424 381 2497 Interea
398 2422 604 2525 Burdegalae
626 2423 711 2497 dum
737 2424 890 2497 civitatis
910 2422 1068 2524 populns
1094 2423 1140 2497 ad
1158 2423 1261 2498 delu-

191 2539 257 2613 bra
283 2540 465 2614 idolorum
491 2542 645 2616 venisset
673 2557 711 2615 et
734 2542 900 2642 pontifex
927 2540 1031 2614 thura
1059 2557 1258 2633 cremaret,

191 2657 338 2732 daemon
361 2684 427 2758 per
450 2657 643 2761 quemdam
669 2656 866 2733 Hebraeum
893 2659 1042 2733 nomine
1059 2660 1261 2734 Martialem

192 2773 226 2848 ei
257 2800 294 2847 se
323 2799 549 2874 egressurnm
578 2773 691 2863 dixit,
722 2787 759 2847 et
789 2800 932 2876 magnas
963 2775 1116 2848 virtutes
1146 2775 1260 2848 sancti

192 2889 356 2991 praesulis
380 2906 488 2993 etque
511 2889 701 2992 dignitates
724 2891 819 2992 apud
838 2894 953 2966 Deum
976 2908 1129 2966 moestus
1144 2894 1263 2993 palam

192 3008 450 3110 promulgavit.
480 3008 644 3083 Tandem
668 3024 833 3084 matrona
861 3006 990 3083 urbem
1018 3009 1260 3110 ingrediente,
1332 3012 1335 3017 ’

192 3125 352 3200 teniores
385 3125 511 3227 populi
537 3123 681 3200 obviam
708 3126 741 3199 ei
768 3139 1041 3226 processerunt,
1074 3141 1112 3200 et
1140 3128 1264 3200 omnia

194 3267 278 3342 qnae
305 3268 325 3314 a
350 3242 439 3315 Jove
464 3239 654 3315 audierant
687 3256 937 3316 narraverunt.
971 3243 1077 3315 Tunc
1104 3243 1264 3342 primurn

193 3359 407 3461 pontificem
432 3359 615 3435 idolorum
638 3358 682 3434 ad
705 3387 741 3435 se
766 3361 945 3434 comitissa
972 3361 1133 3455 vocavit,
1160 3362 1265 3462 eique

193 3478 370 3578 praecepit
393 3493 435 3550 ut
453 3505 520 3578 per
539 3479 661 3553 omnia
687 3477 818 3578 templa
844 3491 1033 3579 pergeret,
1053 3491 1091 3552 et
1113 3493 1263 3578 excepto

196 3592 333 3692 templo
347 3593 412 3667 Dei
427 3593 562 3694 ignoti,
577 3593 784 3665 minutatim
799 3619 837 3665 ea
850 3591 1108 3694 confringeret.
1127 3591 1266 3669 Deinde

194 3734 281 3782 cnm
295 3710 401 3783 sociis
418 3708 621 3785 christianis
638 3710 703 3784 Dei
725 3710 953 3784 clementiam
970 3712 1151 3802 exoravit,
1172 3726 1207 3785 et
1226 3713 1264 3786 in

195 3829 270 3925 ejus
284 3828 434 3903 nomine
449 3827 493 3901 ad
509 3828 644 3903 lectum
660 3829 780 3937 mariti
796 3828 979 3927 pertenit,
1000 3853 1040 3900 ac
1057 3853 1165 3929 super
1181 3856 1264 3906 eum

195 3941 294 4017 beati
317 3945 501 4044 pontificis
525 3943 696 4018 bactalum
725 3944 911 4044 imposuit.
941 3945 1057 4018 Porro
1086 3945 1262 4037 membra,

196 4087 280 4162 qnoe
303 4064 552 4138 contractione
568 4088 765 4138 nervorum
784 4088 825 4134 ac
845 4062 972 4136 vitiosa
990 4061 1150 4137 febrium
1167 4090 1265 4138 com·

197 4177 326 4278 pagine
351 4177 495 4254 fuerant
523 4178 697 4267 sauciata,
729 4177 913 4279 extemplo
937 4178 1143 4253 efficiuntur
1169 4205 1210 4252 ac
1236 4181 1266 4251 si
1323 4163 1326 4170 ¹
