2894 4958
185 407 244 468 272
459 401 644 466 HISTORIA
664 401 969 465 nccttstsstlel.

186 524 358 598 Gratinus
374 524 582 623 Sinopensis
600 525 655 622 (r)
679 521 818 596 aschre
837 521 1080 622 apprehensus
1098 520 1257 624 graviter

186 643 398 745 aegrotavit,
417 656 511 716 uror
534 665 620 716 vero
642 647 717 741 ejus
744 639 909 742 hydrope
930 639 1120 715 intumuit.
1145 641 1256 715 Filius

185 787 356 863 quoque,
374 760 519 834 dum-in
538 759 669 834 balneo
686 759 883 833 mulierum
903 759 1103 848 lavaretur,
1131 787 1152 833 a
1178 756 1256 834 dae-

186 902 295 951 mone
323 874 465 977 perdito
493 901 599 950 seusu
627 876 787 976 graviter
818 872 1060 948 cruciabatur.
1096 875 1255 949 Andreas

186 1018 291 1080 vero,
307 1020 326 1065 a
344 990 561 1090 proconsule
576 1006 743 1091 rogatus,
762 1014 907 1065 ascenso
920 989 1088 1065 vehiculo
1104 989 1150 1063 ad
1163 990 1263 1063 civi-'

187 1126 298 1184 tatem
309 1111 429 1197 venit,
448 1126 484 1183 et
497 1108 639 1182 Gratini
652 1109 802 1184 domum
816 1110 1015 1210 ingressus,
1031 1108 1254 1183 doemouium

186 1225 412 1313 exturbavit,
430 1251 656 1326 puerumque
674 1224 889 1298 mundatum
912 1227 1062 1299 sanavit.
1084 1227 1254 1300 Maritum

186 1368 273 1417 vero
290 1356 327 1415 et
343 1344 534 1441 conjugem
550 1345 625 1441 ejus
641 1340 808 1415 adulterii
829 1342 998 1442 contagio
1019 1342 1184 1442 pollutos
1199 1364 1255 1416 re·

188 1459 349 1560 darguit,
369 1476 405 1532 et
421 1457 466 1532 ab
483 1459 532 1533 eis
548 1475 692 1559 accepta
706 1458 967 1534 emendationis
979 1462 1180 1561 sponsione
1195 1474 1261 1533 cu·'

187 1577 294 1649 ravit.
313 1575 477 1676 Denique
488 1578 563 1674 jam
581 1575 730 1675 sospites
754 1573 863 1649 fidem
888 1577 972 1650 lesu
998 1575 1136 1650 Christi
1162 1601 1254 1651 rece·

188 1709 343 1796 perum,
366 1709 404 1768 et
429 1721 512 1767 cum
530 1694 631 1768 omni
647 1693 758 1769 domo
781 1719 843 1766 sua
863 1692 1058 1793 gaudentes
1084 1693 1253 1796 baptizati

186 1829 284 1887 sunt.

235 1929 367 2004 Nicaeae
384 1929 442 2030 (a)
463 1944 600 2030 septem
618 1930 801 2006 daemones
820 1933 917 2006 inter
939 1947 1183 2006 monumenta
1206 1957 1253 2007 se·

186 2073 248 2121 cus
272 2047 368 2119 viam
388 2043 595 2135 latihetant3
625 2045 788 2120 homines
815 2072 961 2149 quoque
992 2063 1254 2146 praetereuntes

187 2162 336 2238 meridie
362 2160 591 2262 lapidabant,
617 2178 653 2236 et
680 2162 816 2239 multos
838 2167 913 2263 jem
934 2190 1023 2238 nece
1048 2164 1251 2237 affecerant.

187 2279 349 2354 Tandem
369 2281 454 2353 illuc
474 2281 685 2355 adveniente
700 2283 865 2380 apostolo
888 2299 962 2356 tota
981 2277 1106 2355 civitas
1121 2283 1254 2355 exulta·

185 2398 258 2485 rit,
287 2414 324 2471 et
349 2423 483 2499 egressa
508 2398 652 2473 obviam
677 2425 762 2473 cum
785 2401 894 2473 ramis
913 2399 1136 2500 palmarum,
1167 2424 1254 2500 pro·

186 2514 353 2588 clamavit
382 2547 390 2588 :
420 2514 534 2590 Salus
560 2532 687 2591 nostra
717 2519 756 2590 in
779 2544 893 2591 manu
922 2535 1006 2606 tua,
1037 2516 1148 2591 homo
1170 2517 1251 2589 Dei.

188 2628 327 2704 Deinde
356 2657 503 2704 omnem
532 2631 584 2706 rei
616 2633 782 2707 ordinem
812 2645 1084 2732 exposuerunt,
1118 2632 1254 2733 ipsique

188 2747 424 2822 nihilominus
452 2750 619 2824 ordinem
647 2747 729 2824 fidei
752 2768 789 2824 ct
811 2750 997 2851 religionis
1022 2746 1068 2822 ab
1091 2749 1254 2849 apostole

188 2889 274 2938 mox
285 2864 490 2937 audierunt.
510 2865 680 2938 Protinus
696 2865 889 2964 gaudentes
903 2867 941 2937 iu
954 2864 1160 2937 Dominum
1177 2890 1254 2938 cre-

187 2979 379 3070 diderunt,
415 2996 452 3082 et
481 2983 603 3055 lesum
635 2980 820 3055 Christum
852 2982 919 3056 Dei
953 2979 1070 3054 filium
1106 2979 1253 3079 professi

188 3113 285 3171 sunt.
306 3098 464 3171 Andreas
484 3113 604 3170 autem
621 3123 690 3196 pro
711 3123 839 3171 eorum
854 3110 1026 3197 promptu
1042 3094 1253 3170 credulitate

187 3215 263 3287 Deo
279 3214 408 3312 gratias
422 3213 514 3313 egit,
537 3228 573 3286 et
594 3213 776 3287 daemones
800 3214 839 3285 in
862 3210 1100 3286 similitudine
1125 3236 1252 3286 canum

187 3356 308 3404 coram
330 3328 467 3430 populo
484 3329 644 3403 assistere
659 3331 786 3427 jussit,
811 3344 848 3404 et
866 3326 1103 3429 postmodum
1122 3329 1161 3401 in
1180 3327 1251 3402 loct

186 3445 282 3520 arida
300 3463 337 3520 et
357 3446 603 3538 infructuosa,
622 3471 669 3519 ne
687 3443 752 3517 ulli
771 3445 910 3520 homini
931 3461 1129 3534 nocerent,
1154 3443 1252 3546 fuga-

186 3564 252 3635 vit.
282 3564 339 3636 Sic
362 3565 400 3635 in
418 3563 552 3637 virtute
576 3563 639 3636 Ilei
665 3564 847 3636 civitatem
873 3560 1059 3650 liberavit,
1091 3562 1250 3663 civesque

219 3905 259 3974 (ι)
276 3903 300 3957 Il
315 3905 360 3978 n'y
372 3925 387 3960 a
400 3924 448 3979 pas
460 3906 522 3979 plus
533 3906 569 3962 de
581 3907 683 3980 Sinope
696 3924 751 3980 que
767 3905 906 3960 d'Amssie
917 3904 986 3960 dans
1003 3903 1140 3962 l’Aclrat‘e.
1154 3905 1250 3978 Sinope

185 3992 253 4046 etait
266 4009 320 4046 une
334 3992 396 4046 ville
408 3995 576 4067 importante
588 3996 623 4050 de
636 3996 661 4050 la
673 3994 873 4068 Paphlagouie.

220 4079 259 4148 (a)
277 4079 316 4132 lci
330 4096 400 4135 nous
414 4081 484 4136 roill
500 4083 566 4139 bien
582 4084 775 4140 franchement
790 4083 893 4138 arrives
908 4100 943 4137 en
961 4080 1039 4148 Asis,
1060 4080 1097 4136 de
1117 4081 1204 4137 l’areu
1219 4078 1248 4132 de

184 4168 302 4223 l’auteur
313 4169 433 4238 primitis
442 4171 479 4225 «ln
493 4175 578 4229 recit:
594 4176 722 4232 lllicoeam
734 4177 919 4248 proficiscitur·
932 4176 960 4227 in
975 4173 1085 4226 Assurn.
