2894 4958
270 407 331 465 tto
546 403 729 466 HISTORIA
751 403 1052 467 ECCLESIASTICA.

273 538 413 614 tarum,
428 525 652 624 principibus
667 544 856 627 synagogae
870 525 1110 601 annuentibus
1122 526 1254 599 Paulus
1267 552 1327 596 sur·

272 642 385 730 rexit,
403 656 441 715 et
457 653 567 715 man'u
584 644 767 717 silentium
786 643 965 734 indicens,
984 644 1169 722 historiam
1182 645 1327 744 patriar·

272 758 421 834 charum
439 763 577 860 optime
595 754 795 852 recensuit,
816 779 852 836 et
867 764 1119 863 promissiones
1141 791 1160 835 a
1178 763 1257 836 Deo
1272 788 1327 863 per

270 875 463 975 prophetas
485 877 575 950 olim
598 876 725 963 factas,
746 880 820 974 jam
844 879 880 950 in
905 879 1049 953 Christo
1073 891 1327 954 consummatas

271 989 429 1090 perfecte
445 994 593 1066 assernit
611 995 627 1092 (
651 995 680 1089 ).

320 1107 490 1207 Sequenti
503 1107 651 1182 sabbato
663 1133 755 1209 pene
767 1111 931 1183 universa
943 1112 1066 1184 civitas
1077 1110 1330 1184 convenitver·

271 1222 359 1296 birm
376 1224 523 1297 Domini
540 1225 675 1298 audire.
693 1223 798 1298 Unde
814 1225 966 1300 zelantes
982 1225 1096 1299 Judaei
1112 1224 1236 1299 conati
1252 1240 1330 1295 sunt

271 1339 476 1440 blasphema
495 1341 781 1417 contradictione
794 1343 1024 1443 apostolicam
1042 1342 1331 1443 predicationem

273 1455 460 1556 impedire.
480 1457 591 1529 Tunc
603 1474 809 1533 constanter
827 1458 954 1532 Paulus
977 1475 1013 1533 et
1034 1457 1214 1531 Barnabas
1226 1455 1331 1528 'dixe-

271 1589 360 1646 runt
375 1603 384 1643 τ
402 1574 519 1648 Vobis
532 1574 887 1678 oportebatpn'mum
901 1577 1001 1678 loqui
1012 1575 1159 1649 verbum
1168 1575 1261 1660 Deij
1270 1573 1335 1646 'sed

267 1693 446 1803 quoniam
473 1691 645 1794 'repellitis
672 1692 786 1782 illud,
810 1711 845 1767 et
871 1695 1042 1794 indignos
1067 1719 1135 1766 vos
1152 1690 1334 1792 judicetis

270 1824 413 1882 eetemoe
435 1810 524 1881 vitoe
531 1836 544 1899 3
565 1837 648 1883 ecce
670 1814 907 1884 convertimur
926 1810 1128 1910 adgentes.
1153 1808 1223 1882 Sic
1243 1809 1334 1879 enim
1411 1861 1415 1867 .

264 1928 445 2027 praecepit
455 1926 562 2000 'nobis
575 1928 756 2001 Dominus
770 1956 779 1999 :
793 1929 914 2002 Posui
923 1943 958 1999 te
969 1931 1008 2000 in
1022 1928 1142 2000 lamen
1149 1923 1331 2029 gentibus,

270 2060 311 2117 ut
325 2046 376 2117 sis
395 2047 433 2116 in
450 2047 603 2118 salutem
621 2071 733 2145 usque
745 2045 800 2117 ad
811 2062 1008 2118 extremum
1026 2060 1142 2117 terrae.
1162 2043 1228 2115 His
1241 2040 1420 2113 audi·—

271 2162 337 2250 tis,
361 2179 484 2262 gentes
502 2164 629 2262 gavisae
653 2179 757 2252 sunt,
777 2178 812 2236 et
831 2164 893 2263 qui
912 2160 1154 2261 praedestinati
1174 2171 1280 2233 erant
1295 2151 1422 2227 ad-

270 2278 382 2349 vitam
401 2276 641 2351 crediderunt.
664 2278 778 2352 Judaei
795 2298 901 2367 vero,
921 2280 1070 2352 excitata
1090 2274 1424 2376 persecutionffi

271 2393 308 2463 in
322 2392 472 2464 Paulum
492 2410 529 2466 et
544 2393 744 2467 Barnabam
752 2448 763 2484 ,
779 2394 823 2469 de
838 2394 972 2468 finibus
989 2396 1061 2466 suis
1082 2397 1287 2493 ejecerunt,
1303 2398 1424 2462 εἰ,

221 2528 233 2553 ·
272 2506 324 2580 illi
349 2509 479 2610 gaudio
505 2511 602 2610 pleni
629 2514 794 2586 leonium
818 2529 1017 2602 venerunt,
1041 2527 1078 2585 et
1099 2513 1136 2582 in
1157 2526 1423 2610 synagogen

270 2624 401 2700 Judaeis
425 2642 462 2701 et
479 2626 614 2701 Graecis
635 2629 745 2703 locuti
766 2644 862 2701 sunt.
884 2630 937 2701 lbi
955 2627 1019 2701 diu
1033 2625 1230 2713 demoratij
1246 2620 1423 2696 fidu——

271 2742 410 2818 cialiter
427 2743 465 2815 iri
484 2743 642 2819 Domino
663 2761 834 2846 egerunt,
850 2771 964 2845 eoque
985 2757 1221 2843 cooperante,
1240 2743 1419 2842 sign&

269 2875 307 2934 et
328 2861 491 2961 prodigia
513 2888 579 2962 per
601 2889 726 2935 manus
749 2889 876 2938 eorum
899 2861 991 2934 lacta
1015 2878 1112 2934 sunt.
1133 2857 1414 2933 Invidenteffl

271 2977 381 3077 igitur
399 2979 499 3077 impii
514 2994 551 3051 et
566 2977 726 3052 Gentiles
744 2995 779 3053 et
795 2978 930 3067 ludaei,
950 3003 1009 3051 eos
1027 2973 1258 3050 contumeliis
1271 2973 1410 3044 affiae·

270 3118 350 3166 cere
367 3110 403 3167 et
427 3094 728 3193 lapidaremoliti
756 3104 857 3168 sunt.¹
883 3094 938 3166 llli
966 3108 1086 3167 autem
1109 3090 1154 3164 ad
1179 3089 1401 3162 civitate&

269 3211 462 3309 Lycaoniae
487 3213 651 3309 Lystram
678 3209 720 3283 et'
736 3210 899 3298 Derben,
924 3225 960 3282 et
983 3209 1194 3281 universam
1212 3206 1250 3276 in
1270 3205 1393 3276 cirae

270 3328 370 3398 cuitu
383 3329 566 3426 regionem
581 3327 841 3427 confugerunt,
857 3325 979 3425 ibique
992 3323 1326 3423 evangelizaverunt
1344 3368 1365 3385 .

274 3447 313 3516 ln
332 3444 496 3519 doctrina
515 3473 639 3521 eorum
656 3464 732 3519 tota
750 3447 873 3517 civitas
890 3459 1069 3518 commota
1085 3456 1138 3515 est
1156 3442 1172 3539 (
1198 3440 1228 3538 ).

320 3562 458 3659 Lystris
481 3562 627 3662 quidam
652 3562 816 3650 claudus,
835 3562 897 3661 qui
921 3584 1108 3658 nunquam
1129 3552 1348 3628 ambulave-

271 3692 346 3761 rat,
365 3675 575 3775 loquentem
592 3679 740 3751 Paulum
763 3676 917 3763 audivit,
939 3691 976 3749 et
999 3677 1164 3748 invocato
1190 3673 1345 3745 nomine

271 3791 416 3863 Domini
437 3797 519 3866 Jesu
536 3823 554 3866 a
571 3795 681 3867 Paulo
696 3794 885 3866 confestim
903 3808 1045 3865 sanatus
1059 3789 1195 3878 exiliit,
1211 3802 1249 3861 et
1262 3811 1336 3858 cre-

305 4167 313 4225 (
322 4168 343 4231 ι)
359 4166 423 4219 Act.
436 4177 525 4236 apost.
537 4185 592 4236 ιιιιι,
603 4167 678 4241 7-45.
694 4171 739 4237 (ll
751 4187 787 4224 ou
798 4166 854 4237 45.)
864 4199 898 4210 -
909 4169 947 4236 (a)
960 4165 1035 4221 laad.
1049 4181 1105 4230 ιιιιι,
1118 4168 1224 4230 ll-nv,
1236 4161 1264 4216 6.
1276 4157 1335 4228 (45.)
