2894 4958
186 389 229 448 90
463 382 647 446 tttstottlt
667 383 975 445 ttccmttsrlca.

189 533 274 579 rum
294 505 496 605 redarguit,
511 522 549 578 et
563 504 786 578 confirmatis
813 505 850 577 in
877 504 948 579 fide
961 505 1035 577 ait:
1056 507 1251 577 Eutresia

189 622 1253 724 mundumuniversum,proediaateanngeliumomniooea·

190 758 294 813 turo.
316 742 395 840 Qui
408 740 604 814 crediderit
617 757 652 813 et
664 740 1016 841 baptizatussueni,
1036 738 1159 812 solvus
1172 741 1249 810 ent.

192 856 272 955 Qui
279 883 366 930 oero
378 883 450 929 non
462 855 670 945 crediderit,
682 854 996 929 condennabitur.
1005 854 1253 953 Sigriaautem

188 997 249 1044 eos
275 975 342 1071 qui
364 970 585 1045 endidenm
610 971 691 1044 luae
710 988 915 1071 sequentur.
941 971 988 1041 In
1011 971 1155 1041 nomine
1174 995 1253 1042 meo

188 1089 378 1161 doemonia
389 1091 538 1189 ejicient
546 1145 560 1177 ,
579 1089 717 1186 linguis
734 1088 1057 1186 loquemurnon's,
1074 1103 1252 1186 serpentes

188 1203 337 1290 tollent;
353 1222 387 1276 et
402 1208 438 1277 si
454 1203 679 1302 montfortem
695 1203 789 1302 quid
803 1202 954 1275 biberint
956 1260 969 1292 ,
989 1229 1063 1275 non
1077 1206 1130 1274 eis
1145 1227 1254 1274 noce-

188 1320 252 1392 bit.
269 1319 391 1420 Super
404 1346 524 1420 agros
538 1347 670 1392 manus
683 1323 891 1420 imponent,
907 1336 942 1392 et
954 1320 1043 1392 bene
1058 1318 1251 1391 tatum.

187 1439 371 1512 Dominus
400 1438 548 1539 quidem
572 1440 695 1530 Josus,
720 1454 912 1538 postquam
941 1438 1082 1511 locutus
1102 1454 1158 1510 est
1183 1438 1250 1532 eis,

186 1570 387 1654 assumptus
417 1571 472 1629 est
502 1556 541 1629 in
575 1556 733 1644 coelum,
765 1573 801 1629 et
829 1555 928 1630 sedet
955 1583 976 1627 a
1004 1555 1140 1629 dextris
1170 1554 1250 1627 Dei.

188 1673 304 1747 Pom
321 1677 435 1747 Lucas
453 1675 491 1747 in
506 1674 691 1774 Evangelii
707 1675 761 1746 sui
780 1674 916 1747 finesic
928 1674 979 1745 ait
1001 1704 1010 1745 :
1032 1673 1182 1745 Eduxit
1192 1696 1253 1744 eos

175 1784 290 1886 foras
313 1794 353 1862 in
374 1790 596 1863 Bethaniam
604 1848 618 1880 ,
637 1806 672 1862 et
687 1791 832 1863 elevatis
849 1789 1018 1861 manibus
1031 1794 1125 1877 suis,
1145 1787 1254 1860 bene·

186 1907 285 1979 divit
304 1909 370 1980 eis.
397 1908 453 1981 Et
456 1909 612 2005 sactum
631 1924 703 1996 est,
723 1934 806 1981 cum
827 1906 1053 1980 benediceret
1072 1906 1148 1977 iltis
1156 1963 1171 1995 ,
1195 1931 1254 1978 re-

187 2027 295 2097 cessit
306 2024 355 2096 ab
372 2028 442 2111 eis,·
456 2043 491 2097 et
490 2025 688 2121 serebatur
701 2026 741 2096 in
756 2025 888 2097 coelum
901 2027 972 2122 (t).
990 2025 1081 2096 ltem
1094 2022 1202 2095 etiam
1216 2021 1253 2094 iu

190 2142 297 2214 initio
308 2141 467 2214 Actuum
483 2142 743 2242 Apostolorum
760 2141 807 2216 de
822 2143 1029 2215 assensione
1040 2140 1189 2213 Domini
1205 2139 1254 2212 sie

187 2258 264 2327 ait:
285 2256 508 2330 Convescens
516 2259 697 2359 proeoepit
714 2259 767 2329 eis
779 2257 827 2330 ab
836 2257 1073 2356 Jemsob‘mis
1084 2255 1254 2328 nedisoe·

189 2373 336 2458 derent,
352 2373 422 2446 sed
439 2391 674 2476 expectarent
682 2378 964 2476 promissionem
982 2377 1127 2464 Patris,
1145 2398 1255 2473 quan

189 2490 362 2579 audistis,
380 2495 511 2592 inquit,
522 2520 594 2594 per
606 2520 648 2566 os
665 2520 796 2565 meum.
815 2494 918 2593 Quia
928 2493 1091 2566 Ioannes
1110 2490 1256 2591 quidem

189 2608 389 2711 baptizavit
411 2638 536 2711 aqua,
565 2639 633 2685 oos
660 2631 783 2685 autem
811 2612 1091 2715 baptizabimini
1113 2609 1256 2711 Spiritu

191 2726 332 2801 Sancto
346 2755 421 2803 non
430 2747 521 2832 post
531 2730 666 2805 multos
677 2731 745 2803 itas
760 2731 850 2802 dies.
866 2732 989 2830 Igitur
1002 2732 1069 2829 qui
1080 2751 1256 2800 convene-

190 2864 291 2937 rant,
315 2849 590 2949 intermgabant
608 2877 714 2939 eum,
738 2849 899 2921 dicentes
925 2878 936 2918 ε
964 2848 1146 2934 Domine,
1164 2848 1201 2918 si
1218 2846 1255 2916 in

189 2980 348 3066 tempore
371 2965 442 3039 hoe
466 2969 630 3040 restitues
654 2993 808 3067 regnum
827 2965 972 3038 Israel?
1003 2967 1113 3036 Dixit
1136 2977 1257 3035 autern

188 3081 276 3151 eis:
301 3080 387 3151 Non
414 3099 468 3152 est
492 3099 649 3153 oestnim
677 3108 785 3154 nosse
805 3099 968 3182 tempora
992 3079 1054 3150 vel
1076 3093 1257 3149 momenta

188 3224 275 3291 quse
294 3200 408 3269 Pater
430 3203 559 3298 posuit
579 3201 617 3269 in
645 3226 717 3271 sua
742 3215 947 3300 potestate,
978 3195 1048 3268 sed
1065 3197 1258 3297 accipietis

187 3317 358 3386 virtutem
385 3318 665 3416 supervenientis
696 3315 857 3417 Spin'tus
881 3314 1014 3387 Sancti
1039 3318 1079 3385 in
1106 3339 1198 3401 vos,
1224 3327 1260 3384 et

189 3435 291 3502 en‘tis
311 3431 403 3503 miti
422 3448 525 3504 testes
551 3434 589 3503 in
616 3431 846 3521 Jennalem,
879 3448 914 3502 et
933 3433 971 3501 in
1001 3432 1104 3502 omni
1120 3430 1260 3502 Judoea

189 3549 264 3618 sive
282 3554 476 3638 Samaria,
497 3567 533 3621 et
552 3576 668 3650 usque
691 3549 746 3622 ad
765 3550 929 3622 ultimum
955 3567 1070 3620 terrae.
1100 3549 1154 3620 Et
1177 3572 1261 3619 cum

190 3665 262 3737 ltoe
279 3665 454 3755 maimo,
481 3667 690 3740 videntibus
715 3667 788 3740 illis
808 3666 965 3740 elevatus
986 3683 1061 3753 est,
1088 3681 1125 3736 et
1148 3663 1260 3736 nubes

190 3782 351 3881 suscepit
371 3807 453 3854 eum
472 3782 522 3854 ab
543 3783 662 3856 ocutis
688 3809 822 3855 eorum.
852 3787 1015 3881 Cumque
1038 3785 1262 3851 intuerentur

192 3899 233 3971 in
260 3897 394 3973 eatan
423 3917 566 3973 euntem
597 3899 727 3986 ilium,
755 3926 840 3973 ecce
868 3899 944 3972 duo
972 3899 1046 3970 oiri
1072 3901 1262 3969 astiterunt

227 4160 269 4231 (ι)
284 4159 371 4218 late.
384 4180 450 4229 m,
467 4161 569 4237 '5⁴9³
587 4163 655 4218 late.
667 4180 743 4228 uir,
758 4159 811 4227 So,
827 4161 870 4216 51.
