2916 4958
193 411 255 472 tao
470 404 654 470 HISTORIA
673 404 978 469 ucctasllsttca

193 528 420 616 Gothorum,
436 529 498 628 qui
512 529 672 628 reginam
684 526 965 600 Amalasuintam
978 527 1196 604 Theoderici
1211 531 1266 631 (ι)

192 645 285 745 regis
298 643 408 715 filiam
424 641 621 730 occiderat,
637 640 680 714 ad
697 643 940 715 Justinianum
958 643 1162 744 Augustum
1174 647 1267 718 mis-

194 790 251 834 sus
276 777 348 851 est,
373 785 488 860 aquo
514 759 829 859 Constantinopoli
856 758 1055 833 honorilice
1077 777 1265 861 susceptus

193 896 259 953 est.
285 878 339 951 Ibi
362 875 597 950 Anthemium
622 873 777 973 ejusdem
800 874 900 948 urbis
924 877 1154 977 episcopum,
1183 880 1265 974 quia

192 997 279 1069 duas
291 1011 436 1066 naturas
453 994 489 1065 in
510 992 653 1066 Christo
665 991 836 1092 negabat,
858 993 1056 1067 inexilium
1074 994 1216 1094 expulit
1228 1010 1264 1070 et

193 1111 410 1186 catholicum
444 1111 586 1182 Menam
621 1108 828 1208 episcopum
857 1111 1091 1184 consecravit.
1126 1111 1264 1187 Deinde

192 1225 505 1324 Constantinopoli
530 1239 567 1296 x⁰
590 1223 661 1296 hal.
687 1225 771 1297 maii
790 1223 902 1314 obiit,
929 1240 963 1299 et
986 1251 1117 1325 corpus
1134 1228 1210 1324 ejus
1225 1228 1263 1300 in

190 1344 311 1419 loculo
328 1340 501 1441 plumbeo
514 1342 669 1414 Romam
686 1339 899 1413 translatum
915 1356 988 1430 est,
1004 1367 1044 1413 ac
1057 1341 1101 1414 ad
1116 1340 1262 1415 beatum

132 1465 138 1479 '
191 1468 338 1535 Petrum
350 1471 418 1531 x11⁰
435 1457 505 1529 kal.
522 1455 683 1529 octobris
697 1456 878 1555 sepultum
891 1472 963 1546 est,
980 1474 1017 1531 et
1029 1459 1180 1531 cessavit
1191 1459 1263 1559 epi-

191 1592 355 1676 scopatus
375 1600 499 1647 mense
516 1601 527 1644 1
541 1570 667 1646 diebus
680 1597 799 1646 xxviii
816 1576 832 1672 (
856 1573 887 1671 ).

240 1693 411 1764 Silverius
418 1689 632 1787 Campanus,
642 1686 843 1761 Hormisdae
854 1689 1009 1790 episcopi
1018 1692 1147 1764 Romae
1154 1691 1262 1784 filius,

192 1808 283 1885 sedit
298 1833 396 1880 anno
415 1834 425 1878 1
438 1805 620 1879 mensibus
634 1831 657 1877 v
671 1803 797 1878 diebus
812 1830 864 1879 vr.
884 1808 982 1880 Hica
999 1806 1190 1884 Theodato
1207 1825 1262 1910 ty·

191 1951 309 2000 ranno
322 1951 389 2023 per
409 1923 566 2022 pretium
583 1948 658 1996 non
676 1923 856 2022 legitime,
878 1923 939 1998 sed
957 1926 992 1996 vi
1006 1941 1042 1999 et
1058 1943 1162 1999 metu
1173 1926 1264 2000 leva·

191 2060 250 2115 tus
272 2056 337 2114 est.
356 2040 442 2112 Post
467 2037 557 2112 duos
577 2063 665 2113 vero
687 2066 826 2113 menses
850 2040 1053 2115 Theodatus
1079 2043 1145 2116 Dei
1173 2059 1263 2116 nutu

191 2157 371 2230 extinctus
389 2168 441 2226 est
448 2208 459 2241 ,
484 2168 520 2226 et
537 2150 693 2253 Gultigis
712 2153 747 2224 vi
763 2154 847 2226 tulit
864 2155 976 2229 liliam
992 2157 1260 2249 Amalasuintoe,

191 2271 258 2344 sibi
279 2278 429 2344 uxorem
445 2267 600 2357 ducens,
619 2269 657 2340 in
674 2294 795 2368 regem
810 2269 943 2343 levatus
960 2289 1025 2347 est.
1041 2274 1264 2347 lastinianus

191 2387 371 2486 Augustus
392 2384 602 2458 Belisarium
619 2386 813 2482 patricium
829 2403 956 2460 contra
978 2387 1119 2462 Gothos
1141 2391 1260 2481 misit,

191 2517 234 2574 ut
260 2501 397 2574 ltaliam
425 2497 607 2573 liberaret.
635 2502 810 2574 Patricius
836 2503 957 2603 itaque
981 2504 1172 2604 Neapolim
1197 2505 1263 2578 sibl

191 2621 418 2693 resistentem
437 2618 552 2716 cepit,
571 2633 608 2691 et
624 2643 749 2693 omnes
762 2618 904 2694 Gothos
923 2649 963 2694 ac
982 2623 1075 2697 cives
1091 2624 1260 2724 peremit3

193 2740 242 2811 ita
271 2754 312 2810 ut
334 2762 402 2810 nec
426 2735 463 2810 in
491 2735 646 2811 ecelesiis
671 2736 868 2811 sacculotes
894 2739 951 2812 vel
977 2741 1264 2814 sanctimoniales

193 2855 431 2929 salvarentur.
455 2851 611 2953 Guitigis
627 2880 715 2929 vero
737 2855 935 2928 exercitum
956 2855 1167 2930 Gothorum
1192 2857 1263 2930 cito

193 2972 384 3071 colligens,
397 2993 473 3042 uno
484 2995 583 3042 anno
595 2970 748 3042 Romam
761 2968 922 3059 obsedit,
937 2988 972 3044 et
986 2970 1264 3045 innumerabiles

194 3087 313 3186 gladio
326 3086 383 3160 vel
398 3086 511 3175 fame,
531 3113 612 3187 quae
632 3102 720 3159 tunc
741 3088 850 3160 nimia
870 3115 935 3186 per
952 3104 1071 3162 totum
1087 3089 1264 3162 muudum

194 3220 291 3292 erat,
311 3203 464 3276 necavit.
490 3201 589 3275 Nulli
607 3201 739 3275 licebat
759 3203 912 3277 Romam
929 3205 1064 3277 intrare
1080 3205 1138 3278 vel
1153 3206 1260 3279 exire.

195 3323 302 3395 Tunc
317 3346 442 3394 omnes
458 3319 694 3420 possessiones
710 3321 858 3419 privatae
867 3374 881 3410 ,
898 3320 953 3394 vel
965 3308 1061 3411 fisci,
1077 3322 1135 3395 vel
1151 3322 1266 3396 Eccle-

195 3442 276 3532 siae,
298 3439 466 3512 incendio
483 3454 708 3539 consumptae
726 3456 823 3512 sunt.
850 3440 1023 3514 Homines
1039 3466 1129 3514 vero
1148 3441 1266 3542 gladio

196 3557 364 3631 trucidati
383 3572 489 3646 sunt,
509 3556 569 3628 alii
589 3571 711 3631 autem
728 3555 822 3630 lame
840 3556 896 3630 vel
914 3555 1045 3632 morbo
1064 3559 1263 3658 perierunt.

198 3674 359 3749 Tandem
376 3673 487 3774 gratia
504 3673 568 3746 Dei
588 3700 654 3773 per
676 3673 887 3748 Belisarium
910 3674 1050 3750 Gothos
1072 3675 1210 3776 fugavit
1231 3691 1267 3750 et

197 3795 350 3867 Romam
371 3790 544 3890 protexit.
570 3791 728 3889 Augusta
750 3806 900 3891 rogante
916 3792 1109 3866 Silverium
1126 3809 1170 3865 ut
1186 3793 1266 3865 An-

232 4079 271 4147 (1)
289 4078 363 4132 Liscz
380 4101 385 4129 :
405 4075 580 4131 Theoderici.

230 4169 270 4239 (a)
288 4163 318 4236 (3
327 4165 389 4238 juin
403 4162 504 4220 535-22
520 4164 586 4219 avril
599 4162 673 4234 536.)
687 4166 732 4220 Au
745 4164 800 4220 lieu
811 4164 845 4219 de
857 4165 972 4234 Menas,
989 4163 1052 4220 lisca
1063 4164 1197 4222 mennas.
