2894 4958
543 367 661 432 LIBER
679 369 890 433 SECUNDUS.
1189 375 1249 437 tce

184 490 337 592 virginis
354 505 391 563 et
410 489 579 590 martyris
603 487 755 578 indixit,
776 491 964 590 ipsumque
984 506 1020 564 et
1035 515 1160 567 omnes
1183 519 1248 568 co·

184 609 291 683 mites
309 607 403 682 illius
425 633 465 678 ac
487 605 614 694 duces,
638 622 883 706 cunctumque
897 607 1093 680 exereitum
1112 625 1148 682 et
1170 635 1251 684 om-

186 749 271 798 nem
285 721 460 822 populum
477 721 665 820 utriusque
681 747 783 794 sexus
800 745 953 793 numero
970 747 1020 794 xv
1037 723 1148 796 millia
1165 722 1252 825 bap-

188 841 324 914 tisavit.
349 838 521 911 Praefatus
537 862 624 911 vero
643 836 717 910 dux
739 838 909 938 magistro
932 863 997 912 suo
1020 838 1119 912 dedit
1140 841 1254 914 multa

187 983 339 1031 munera
354 957 430 1029 auri
452 971 489 1030 et
503 955 660 1056 argenti,
681 971 723 1028 ut
739 955 867 1029 exinde
883 955 1075 1033 fabricaret
1091 960 1253 1033 ecclesias

189 1075 229 1147 in
247 1073 424 1148 honorem
439 1072 600 1149 Domini.
619 1071 755 1144 Praetlia
779 1072 886 1145 etiam
910 1073 1067 1173 ingentia
1090 1090 1126 1148 et
1150 1076 1253 1175 plura

188 1188 364 1265 beneficia
381 1215 465 1262 cum
480 1188 593 1261 vineis
610 1203 646 1262 et
661 1189 860 1262 vernaculis
873 1190 913 1262 in
926 1191 1110 1289 provincia
1125 1193 1257 1266 Lemo-

190 1305 326 1379 vicensi
344 1302 512 1392 tradidit,
529 1319 571 1375 ut
591 1302 719 1377 exinde
740 1302 873 1377 faceret
891 1302 1116 1379 nobilitatem
1141 1306 1254 1380 ecele-

190 1423 347 1509 siarum,
371 1446 459 1520 quas
475 1417 714 1492 fabricaturus
734 1435 843 1509 esset,
868 1435 905 1492 et
922 1445 1070 1495 omnem
1091 1420 1257 1522 indigen-

188 1537 279 1611 tiam
297 1537 530 1625 clericorum,
549 1537 612 1637 qui
631 1537 670 1608 in
686 1535 817 1610 eisdem
836 1536 913 1610 Deo
930 1538 1097 1611 servituri
1115 1554 1251 1628 essent,

190 1655 387 1755 suppleret.
399 1651 485 1727 Post
497 1652 574 1727 baec
583 1652 757 1753 hospitale
770 1680 968 1754 pauperum
983 1656 1020 1727 in
1034 1657 1259 1760 eleemosyna

191 1770 308 1847 beatae
324 1770 475 1846 Valeriae
497 1770 603 1862 fecit,
632 1771 670 1843 in
694 1797 767 1870 quo
792 1797 857 1844 ccc
879 1798 1050 1872 pauperes
1075 1774 1176 1848 omni
1201 1773 1261 1848 die

192 1888 339 1963 alendos
355 1888 525 1961 instituit.
544 1887 652 1961 Aliud
667 1914 813 1990 quoque
830 1890 1007 1980 instituit,
1030 1892 1067 1963 in
1085 1917 1160 1991 quo
1179 1906 1257 1963 tur·

191 2003 275 2078 bam
289 2031 488 2104 pauperum
504 2030 658 2080 numero
674 2029 720 2077 nc
736 2005 900 2105 quotidie
915 2006 1013 2080 refici
1030 2007 1207 2099 decrevit3
1223 2024 1261 2082 et

193 2148 301 2222 super
313 2121 496 2195 tumulum
506 2122 659 2199 Valeriae
673 2122 821 2223 virginis
836 2138 873 2197 et
887 2124 1059 2224 martyris
1071 2124 1255 2198 ecclesiam

194 2238 411 2316 construxit.

243 2358 383 2430 luterea
406 2354 607 2456 Stephanus
629 2357 797 2456 princeps
816 2356 1013 2429 Galliarum
1025 2358 1127 2455 jussu
1142 2357 1260 2432 Nero-

192 2473 251 2548 nis
265 2473 490 2573 imperatoris
510 2472 648 2545 ltaliam
663 2472 841 2572 perrexit,
858 2470 980 2574 ibique
995 2499 1078 2545 cum
1097 2499 1135 2547 tv
1153 2475 1262 2577 legio-

191 2591 303 2667 nibus
324 2591 571 2690 praeliatorum
588 2617 648 2665 sex
672 2588 854 2664 mensibus
871 2591 903 2664 ei
920 2591 1079 2664 servivit.
1099 2593 1141 2664 ln
1158 2592 1260 2666 mili-

195 2708 264 2781 tari
284 2722 401 2780 tamen
419 2707 590 2782 exercitio
605 2705 738 2780 divinae
754 2706 840 2808 legis
860 2707 1051 2781 immemor
1068 2732 1144 2780 non
1167 2707 1258 2799 luit,

194 2823 256 2898 sed
272 2823 468 2898 exercitum
482 2849 587 2895 suum
601 2822 651 2894 sic
663 2821 841 2911 instituit,
860 2837 902 2893 ut
918 2822 1070 2922 quisque
1087 2823 1159 2895 suis
1177 2849 1263 2898 con-

142 2950 145 2957 ’
195 2957 318 3017 tentus
334 2957 440 3029 esset,
456 2942 536 3013 etsi
554 2942 634 3042 quis
650 2939 786 3040 aliquid
803 2953 962 3039 raperet,
982 2940 1170 3038 capitalem
1185 2970 1264 3016 sen-

195 3059 347 3135 tentiam
374 3057 525 3131 subiret.
556 3057 745 3156 Completo
767 3071 888 3129 autem
912 3056 1048 3130 servitii
1074 3071 1257 3157 tempore,

193 3175 375 3250 remeandi
394 3175 575 3248 licentiam
590 3175 745 3272 accepit3
770 3172 831 3245 sed
853 3198 914 3244 sua
940 3188 1121 3272 repetere,
1140 3176 1260 3273 prius-

194 3318 306 3394 quam
317 3290 464 3364 beatum
474 3292 622 3364 Petrum
633 3290 836 3389 principem
848 3289 1096 3389 apostolorum
1107 3291 1257 3382 videret,

193 3408 327 3483 noluit.
358 3409 510 3481 Romam
534 3435 620 3508 ergo
656 3409 730 3507 ipse
766 3424 802 3481 et
831 3408 949 3480 omnis
982 3409 1158 3482 exercitus
1185 3414 1259 3509 ejus

191 3540 499 3625 properaverunt,
521 3539 556 3597 et
572 3523 699 3597 urbem
715 3525 861 3624 ingressi
878 3523 1101 3623 apostolum,
1122 3524 1159 3595 in
1178 3524 1260 3600 loco

195 3642 260 3742 qui
276 3640 471 3714 Vaticanus
485 3639 632 3730 dicitur,
647 3640 837 3715 docentem
854 3639 986 3713 multas
1006 3638 1127 3712 turbas
1148 3666 1262 3742 popu-

195 3757 318 3830 lorum
332 3756 562 3831 invenerunt.
582 3758 751 3831 Protinus
767 3756 976 3831 discalciatis
992 3755 1142 3855 pedibus
1157 3759 1193 3833 in
1209 3761 1262 3832 ci-

194 3874 282 3948 licio
299 3873 343 3947 ad
361 3873 467 3974 pedes
488 3876 561 3973 ejus
579 3875 749 3975 prostrati
768 3889 871 3962 sunt,
890 3889 926 3946 et
945 3897 1028 3944 cum
1047 3898 1177 3975 magna
1193 3874 1264 3949 hu-

194 3988 349 4064 militate
375 3989 665 4066 benedictionem
689 3989 735 4063 ab
756 4017 799 4064 eo
820 3990 1107 4090 postulaverunt.
1138 3994 1262 4066 Petrus

194 4119 318 4178 antem
328 4158 339 4193 ,
357 4120 399 4177 ut
418 4120 491 4178 tam
507 4106 716 4205 praeclaram
730 4104 774 4180 de
787 4105 901 4181 Gallia
918 4106 1188 4206 generationem
1205 4110 1262 4181 ri-

271 4245 298 4294 t.
1071 4229 1117 4308 24
