2894 4958
525 401 643 466 LIBER
661 400 873 463 SECUNDUS.
1170 399 1231 466 ala

166 520 276 599 lidem
289 536 569 609 converterunt,
585 522 776 620 plurimam
787 520 950 622 gentium
962 519 1232 596 multitudinem

166 642 212 716 ad
229 643 347 715 lucem
364 640 522 713 veritatis
539 638 816 740 perduxerunt(
841 638 872 737 ).

217 758 347 832 Electis
377 757 496 857 itaque
525 753 763 830 currentibus⁴
778 754 821 827 ad
848 753 954 829 fidem
981 769 1017 829 ot
1035 755 1229 853 justitiam,

168 873 254 949 inde
278 873 425 975 reprobi
448 874 559 974 magis
582 873 792 946 inflammati
815 871 994 964 adiram,
1019 873 1232 947 seditionem

166 989 353 1079 lecerunt,
372 1006 409 1064 et
429 989 609 1089 apostolos
630 989 675 1064 de
698 989 831 1062 finibus
857 990 1149 1087 suisojecerunt.
1175 990 1230 1062 llli

166 1122 288 1180 autem
304 1104 518 1206 gaudentes,
539 1105 677 1204 Spiritu
692 1105 824 1178 Sancto
845 1103 972 1203 repleti
998 1101 1149 1177 verbum
1167 1105 1230 1179 Dei

166 1222 473 1323 praedieaverunt,
491 1238 528 1296 et
542 1223 724 1321 copiosam
739 1219 1012 1296 multitudinem
1023 1221 1232 1297 Judaeorum

166 1353 206 1414 ct
220 1337 435 1414 Graecorum
450 1338 493 1411 ad
510 1339 708 1413 Dominum
725 1340 1014 1437 converterunt(
1038 1338 1069 1438 ).

214 1458 410 1534 Venientes
430 1457 468 1529 in
487 1457 613 1529 Listris
635 1455 802 1529 claudum
818 1482 863 1530 ex
885 1471 990 1530 utero
1012 1457 1137 1529 matris
1159 1481 1233 1528 suae

167 1589 404 1662 curaverunt,
438 1572 536 1674 quod
562 1573 776 1646 miraculum
804 1571 923 1646 turbae
950 1573 1232 1673 conspicientes,

166 1686 254 1762 deos
271 1688 352 1762 illos
370 1689 681 1778 existimaverunt,
700 1687 858 1762 dicentes
876 1688 971 1760 :Dii
988 1687 1237 1784 similesfacti

168 1807 375 1882 hominibus
397 1806 659 1881 descenderunt
680 1807 735 1878 ad
757 1833 836 1880 nos.
865 1804 1064 1879 Barnabam
1088 1804 1234 1906 quidem

167 1923 347 1999 vocabant
362 1925 508 2014 lovem,
529 1924 679 1997 Paulum
695 1949 783 1998 vero
798 1924 1033 1998 Mercurium.
1053 1923 1102 1994 Et
1115 1949 1235 1996 saeer-

167 2039 233 2116 dos
247 2041 366 2128 lovis,
389 2042 452 2140 qui
475 2055 553 2114 erat
566 2055 649 2114 ante
667 2040 867 2130 civitatem,
886 2056 1010 2115 tauros
1029 2056 1066 2115 et
1083 2065 1234 2115 coronas

168 2172 253 2231 ante
265 2158 390 2255 januas
405 2155 588 2246 deferens,
606 2182 689 2229 eum
704 2156 848 2257 populis
864 2154 1007 2231 volebat
1022 2156 1233 2230 sacrificare.

169 2272 307 2349 terum
326 2273 478 2375 apostoli
498 2273 568 2348 tale
583 2274 722 2347 facinus
739 2275 891 2350 omnino
907 2272 1154 2349 abominantes
1172 2299 1237 2347 ex-

169 2390 343 2492 ptulerunt
351 2445 363 2480 ,
382 2417 423 2464 ac
446 2392 559 2465 scissis
582 2393 714 2466 tunicis
741 2393 813 2466 suis
840 2393 878 2466 in
906 2391 1030 2466 turbas
1052 2392 1236 2467 exilientes

170 2509 434 2598 clamaverunt,
449 2524 485 2584 et
501 2510 626 2583 multis
642 2507 918 2584 rationabilibus
933 2511 1041 2585 dictis'
1053 2509 1238 2608 turbasne

170 2625 238 2699 sibi
256 2626 487 2702 immolarent
505 2627 566 2700 vix
584 2626 828 2728 sedaverunt(
854 2628 885 2727 ).

217 2742 308 2817 lnde
324 2742 467 2818 Derben
486 2745 734 2844 pervenientes
757 2744 1064 2847 evangelizabant,
1088 2746 1238 2820 multos-

170 2884 242 2962 que
256 2858 426 2936 docentes
438 2861 633 2935 virtutibus
647 2863 874 2936 instruebant
882 2891 893 2953 3
908 2863 1080 2963 plurimas
1090 2864 1240 2963 provin-

171 2976 242 3051 cias
254 2994 482 3079 peragrantes
494 2977 646 3054 verbum
658 2980 806 3055 Domini
818 2980 1083 3069 annuntiando,
1094 2980 1238 3055 tandem

171 3113 417 3197 pervenerunt
437 3097 688 3199 lerosolymis3
714 3099 939 3198 susceptique
957 3124 977 3170 a
999 3100 1129 3172 sanctis
1148 3125 1241 3198 apo-

172 3212 276 3289 stolis
299 3212 564 3287 annuntiabant
589 3214 935 3315 gaudentes-quanta
961 3214 1054 3289 Deus
1081 3240 1165 3287 cum
1189 3215 1240 3288 eis

172 3327 390 3404 mirabiliter
409 3328 563 3405 fecisset.
588 3332 694 3405 Tunc
722 3332 761 3405 in
788 3329 979 3408 Antiochia
1001 3330 1150 3433 quidam
1175 3331 1241 3404 im-

172 3447 283 3548 probi
295 3446 339 3523 de
356 3449 626 3525 circumcisione
638 3447 773 3550 agenda
787 3450 1024 3550 quaestionem
1038 3474 1241 3525 commove·

173 3577 278 3638 mnt.
299 3564 405 3639 Unde
421 3567 535 3639 sancti
559 3566 711 3666 apostoli
733 3565 924 3640 consilium
942 3566 1121 3655 inierunt,
1139 3590 1180 3637 ac
1196 3565 1242 3639 ad

174 3679 246 3755 tale
259 3678 400 3755 facinus
420 3683 670 3783 extirpandum
691 3680 890 3756 Barnabam
905 3698 943 3756 et
959 3680 1110 3754 Paulum
1130 3679 1243 3755 desti-

176 3812 367 3872 naverunt.
389 3798 446 3871 llli
464 3814 584 3874 autem
605 3797 836 3874 Antiochiam
852 3825 936 3872 cum
951 3797 1145 3899 apostolica
1164 3799 1243 3897 epi·

208 4086 250 4157 (a)
269 4086 336 4141 Art.
348 4097 438 4159 apost.
453 4107 490 4159 xi,
505 4107 550 4164 ap,
560 4089 660 4161 30-xu,
674 4088 786 4160 asum,
805 4090 879 4156 1-48.
890 4121 924 4132 -
934 4091 973 4162 (a)
986 4088 1061 4146 lttd.
1074 4107 1135 4159 xur,
1149 4088 1244 4166 495²·

179 4171 263 4247 -sdl
275 4175 352 4231 Ibr'd.
366 4195 424 4248 xtv,
437 4177 515 4254 6-17.
880 4192 883 4196 ’
