2894 4958
538 440 655 501 LIBER
675 441 886 501 SECUNDUS.
1188 443 1248 504 435

184 563 377 638 Mezentius
400 577 575 661 tyrannus
593 587 746 660 regnum
769 561 909 633 invasit.
935 563 1040 632 Tunc
1063 562 1247 636 Sarraceni

184 706 348 780 magnam
375 693 527 778 stragem
551 677 841 750 Chnistianorum
864 678 901 749 in
927 677 1045 750 Sicilia
1069 677 1245 752 fecerunt.

184 799 299 871 Porro
326 796 524 870 Vitalianus
551 821 637 893 papa
665 808 718 865 v1⁰
741 793 812 865 kal.
840 792 1011 866 februarii
1038 793 1081 865 ad
1103 792 1249 867 beatum

185 914 330 987 Petrum
347 912 549 1012 apostolum
570 910 729 1009 sepultus
751 925 823 994 est,
844 923 881 981 et
902 911 1048 984 cessavit
1064 912 1251 1010 episcopa-

186 1045 244 1101 tus
259 1027 440 1101 mensibus
456 1052 483 1098 11
501 1025 624 1098 diebus
643 1031 739 1122 xm(
764 1026 793 1121 ).

235 1144 436 1218 Adeodatus
461 1145 671 1230 Romanus,
700 1142 966 1230 exmonachus,
992 1143 1035 1216 de
1063 1160 1162 1243 patre
1188 1149 1253 1220 J0.=

187 1261 316 1352 biano,
338 1262 429 1334 sedit
450 1261 552 1333 annis
575 1285 612 1332 1v
630 1258 812 1332 mensibus
834 1284 859 1330 11
878 1258 1003 1332 diebus
1021 1287 1059 1333 v.
1088 1264 1191 1336 Tunc
1214 1267 1252 1337 in

187 1378 279 1452 urbe
286 1377 709 1479 SyracusanaMezentius
716 1375 760 1447 ab
769 1378 928 1450 exercitu
939 1377 1049 1449 ltaliae
1062 1380 1255 1480 interemp-

190 1511 248 1568 tus
261 1512 313 1569 est
323 1554 332 1588 ‚
344 1511 381 1569 et
394 1494 517 1566 multis
531 1521 574 1567 ex
585 1493 765 1592 judicibus
782 1496 958 1566 truncatis
975 1512 1082 1593 caput
1099 1497 1253 1595 ejusdem

190 1610 545 1710 Constantinopolim
557 1610 714 1683 delatum
726 1627 790 1682 est.
808 1611 943 1685 Deinde
956 1613 1139 1685 Sarraceni
1158 1642 1258 1715 prae-

191 1727 324 1816 dictam
353 1724 480 1799 unbem
509 1724 770 1812 obtinuerunt,
802 1726 1024 1827 multamque
1053 1729 1089 1799 in
1120 1732 1257 1829 populo
1342 1772 1343 1776 =

191 1846 409 1920 occisionem
422 1845 606 1932 fecerunt3
622 1846 841 1944 nimiamque
854 1844 1030 1942 praedam,
1047 1872 1155 1945 quam
1174 1849 1259 1922 illuc

192 1989 310 2061 nuper
327 1962 585 2034 Constantinus
600 1961 794 2059 imperator
809 1987 927 2033 seeum
947 1960 1141 2053 detulerat,
1157 1965 1260 2039 aufe-

194 2095 333 2166 renteS,
351 2078 604 2151 Alexandriam
617 2078 747 2150 reversi
767 2063 865 2148 sunt.
885 2076 1057 2151 Praefatus
1076 2107 1165 2179 papa
1182 2083 1261 2180 epi-

195 2218 322 2292 scopos
343 2219 388 2266 xc
412 2209 449 2266 et
472 2216 510 2267 v1
537 2192 736 2280 ordinavit,
766 2209 802 2266 et
826 2192 920 2291 apud
944 2191 1091 2267 beatum
1115 2196 1263 2270 Petrum

196 2326 250 2383 v1⁰
265 2311 336 2382 kal.
347 2310 430 2407 julii
442 2309 598 2407 sepultus
612 2325 678 2397 est,
695 2324 732 2383 et
744 2311 890 2382 cessavit
901 2312 1123 2410 episcopatus
1131 2314 1266 2386 mensi-

196 2423 265 2497 bus
283 2450 322 2496 111
347 2423 470 2499 diebus
486 2440 551 2499 xv.'
568 2426 673 2498 Tunc
698 2425 867 2499 inauditae
889 2427 1021 2525 pluviae
1044 2446 1080 2499 et
1104 2430 1265 2502 tonitrua

197 2541 364 2632 fuerunt,
384 2543 563 2643 legumina
582 2542 702 2642 colligi
724 2545 982 2643 nequiverunt3
1003 2545 1061 2630 sed
1080 2547 1152 2620 alio
1170 2573 1266 2621 anno

199 2677 327 2757 sponte
346 2674 466 2733 renata
484 2661 599 2757 sunt(
624 2660 654 2757 )

249 2777 375 2849 Donus
402 2777 605 2862 Romanus,
636 2801 677 2847 ex
705 2793 806 2874 patre
833 2776 1028 2863 Mauricio,
1054 2775 1145 2849 sedit
1169 2804 1267 2851 anno

208 2998 287 3005 ...Η
293 2999 339 3005 ...-
667 2999 677 3003 ψ-
682 2999 1232 3009 mmm-

236 3137 276 3205 (ι)
294 3131 343 3203 (50
358 3132 449 3203 juillet
460 3130 563 3207 657-27
572 3131 678 3202 janvier
692 3129 767 3204 672.)
786 3131 931 3201 Signensis
943 3132 1052 3204 signifie
1067 3134 1217 3207 originaire
1233 3136 1269 3193 de

203 3223 286 3295 Segni
300 3240 334 3275 en
345 3220 502 3292 Campanie.
518 3220 595 3273 Nous
605 3236 687 3271 avons
698 3217 759 3289 deja
772 3217 848 3290 paule
857 3218 905 3272 des
917 3217 1077 3291 spoliations
1087 3226 1212 3278 exerce'es
1220 3243 1269 3296 par

203 3312 339 3366 Constant
352 3311 380 3363 Il
396 3313 441 3376 (et
459 3327 516 3363 non
533 3326 580 3380 pas
592 3308 786 3378 Constantio),
805 3307 926 3381 lorsqu'il
944 3310 1023 3364 visita
1042 3309 1131 3366 Rome
1147 3332 1181 3367 en
1200 3313 1267 3384 665,

204 3402 283 3474 apres
300 3401 375 3453 avoir
390 3417 426 3453 en
444 3397 507 3452 effet
523 3398 626 3471 assiege
643 3398 819 3451 inutilement
833 3397 968 3452 Romoald
985 3398 1052 3453 dans
1070 3402 1217 3456 Benevent.
1232 3405 1269 3458 Le

204 3507 375 3564 personnage
391 3506 446 3562 que
463 3497 659 3541 notreauteur
671 3498 735 3540 veut
754 3486 883 3560 designer
900 3505 950 3560 par
962 3488 988 3542 le
1009 3507 1075 3543 nom
1092 3489 1127 3544 de
1144 3492 1269 3546 Meaence

204 3577 346 3652 s'appelait
364 3577 471 3643 Minci,
496 3585 524 3630 et
547 3575 591 3628 lut
614 3575 707 3629 revctu
727 3574 761 3627 de
781 3575 806 3628 la
824 3594 946 3648 pom-pre
965 3576 1070 3649 malgre
1088 3577 1127 3632 lui
1147 3579 1270 3650 pendant

203 3667 337 3743 quelques
355 3666 496 3721 semaines.
514 3666 564 3719 les
581 3664 734 3732 Sanasins,
751 3666 799 3738 qui
812 3667 919 3721 avaient
930 3666 992 3738 deja
1004 3669 1103 3723 envahi
1113 3687 1167 3723 une
1180 3672 1268 3742 partie

203 3755 238 3810 de
251 3754 277 3808 la
291 3754 371 3809 Sicile
384 3771 419 3807 en
435 3750 503 3820 665,
519 3751 627 3823 prirent
639 3761 667 3805 et
679 3752 808 3825 pillerent
822 3754 953 3825 Syracuse
962 3772 1025 3809 vers
1035 3754 1102 3829 673,
1116 3767 1145 3811 et
1156 3776 1268 3831 empor-

204 3849 296 3901 terent
307 3847 321 3898 a
334 3841 499 3898 Alexandrie
508 3851 570 3896 tout
583 3842 688 3896 l’airain
699 3843 770 3897 dont
781 3844 916 3898 Constant
928 3844 999 3898 avait
1008 3843 1147 3917 depouille
1156 3846 1195 3901 les
1207 3866 1267 3902 mo-

203 3945 336 3992 numents
346 3933 381 3987 de
394 3934 493 3988 Rome.

238 4027 277 4096 (a)
296 4025 341 4093 (aa
353 4024 421 4077 avril
432 4023 560 4097 (ipa-juin
578 4023 653 4098 676.)
671 4024 711 4079 Ce
728 4025 771 4078 lnt
789 4025 954 4079 Constantia
973 4023 1099 4097 Pogonat
1117 4027 1166 4099 qui
1183 4028 1268 4083 mita

203 4126 279 4171 mort
297 4115 404 4180 lliziai,
426 4114 495 4168 ainsi
512 4133 566 4188 qne
584 4113 622 4168 les
638 4113 800 4171 meua-triers
823 4114 857 4166 de
876 4131 925 4167 son
944 4114 1019 4185 pere.
1040 4112 1118 4169 Nous
1137 4116 1268 4189 ignorons

203 4207 343 4281 pourquoi
356 4216 436 4262 notre
448 4215 546 4262 auteur
559 4204 676 4262 douuel
687 4222 731 4260 ces
745 4202 870 4260 derniers
880 4203 905 4261 la
916 4204 1103 4279 qualification
1113 4204 1149 4262 de
1158 4207 1249 4280 juges.
