2916 4958
194 416 255 474 292
471 410 655 472 HISTORIA
677 410 983 474 tcctrtstestma

193 531 516 630 beatusapostolus
526 586 537 620 ,
563 531 702 606 Satanae
720 529 822 604 dolos
839 531 1043 632 intelligens
1053 541 1071 621 ,²
1090 535 1263 635 praecepit

193 666 234 721 ut
259 662 372 722 rectas
397 644 464 719 sibi
490 647 674 721 deferrent
699 652 813 748 virgas
840 647 879 720 in
908 649 1057 749 singulis
1074 649 1261 741 ·fascibus,

194 765 396 866 lapidesque
412 767 574 838 minutos
590 792 610 836 a
629 765 754 840 littore
770 765 892 838 maris.
917 765 1024 858 Quod
1049 774 1139 840 cum·
1156 767 1263 842 fecis-

193 896 273 955 sent
282 935 295 972 ,
314 882 481 967 invocato
501 881 651 954 nomine
667 880 833 969 Domini,
849 881 1026 956 silvestres
1043 883 1157 984 virgae
1175 909 1263 958 aon-

192 1024 303 1072 versae
330 1013 418 1071 sunt
448 998 485 1070 in
515 1024 645 1070 aurum
671 1013 708 1071 et
733 998 865 1097 lapides
892 998 929 1071 in
956 1025 1129 1098 gemmas.
1160 1001 1263 1074 Tune

191 1131 333 1189 sanctus
357 1117 407 1189 eis
430 1114 611 1215 apostolus
632 1115 751 1187 dixit:
777 1118 854 1188 Per
875 1132 1008 1216 septem
1034 1118 1115 1190 dies
1143 1120 1193 1190 ite
1213 1119 1264 1192 ad

191 1233 360 1333 aurifices
382 1249 416 1304 et
432 1233 674 1333 gemmarios,
706 1249 740 1304 et
764 1232 853 1304 dum
867 1232 1113 1333 probaveritis
1137 1259 1262 1306 aenan

193 1377 323 1422 aurum
338 1366 492 1422 etseras
505 1375 690 1449 gemmas,
683 1353 874 1422 nuntiate
883 1350 988 1423 mehr
1003 1351 1145 1424 Euntes
1154 1349 1261 1424 ambo

191 1466 371 1539 artificum
391 1465 547 1541 officinas
569 1465 852 1557 circumierunt,
875 1482 912 1540 et
933 1482 1016 1567 post
1036 1491 1089 1540 v11
1112 1466 1188 1540 dies
1203 1493 1261 1542 re-

190 1585 281 1658 versi
299 1600 403 1674 sunt,
424 1601 532 1684 atque
550 1564 714 1681 apostolo
730 1584 1033 1658 renuntiaverunt
1055 1585 1159 1684 quod
1172 1586 1262 1656 auri·

192 1702 274 1775 fices
298 1702 478 1801 optimum
497 1726 625 1773 aarum
643 1703 880 1788 asseruerint,
905 1702 1091 1801 gemmarii
1118 1707 1261 1804 quoqne

190 1817 366 1916 pretiosos
379 1813 512 1914 lapides
525 1814 857 1914 comprobaverint.
879 1817 985 1889 'l'unc
998 1817 1261 1890 sanctusJoan·

190 1960 253 2007 nes
269 1933 361 2007 dixit
385 1964 394 2007 :
420 1935 478 2005 Ite
485 1989 498 2021 ,
517 1948 552 2004 et
570 1932 736 2004 redimite
755 1931 997 2006 uobis'terras
1016 1959 1111 2033 quas
1128 1933 1260 2006 nendi-

190 2051 320 2141 distis,
353 2051 443 2149 quia
473 2049 645 2122 coelorum
672 2050 829 2147 praemia
853 2047 1083 2147 perdidistis.
1110 2048 1260 2122 Sericus

189 2183 305 2240 uestes
321 2169 426 2239 emite
441 2166 567 2257 vobis,
586 2182 624 2237 ut
639 2166 734 2238 sieut
754 2192 922 2266 rosapro
940 2167 1261 2268 temporefidgea-

192 2291 249 2363 tis.
271 2286 349 2360 Sed
363 2284 450 2357 dum
462 2283 544 2382 flos
569 2286 645 2384 ejus
666 2300 700 2355 et
722 2282 1026 2385 odorem'pariter
1039 2299 1076 2355 et
1096 2284 1260 2357 ruborem

192 2403 366 2490 ostendit,
392 2417 543 2502 repente
555 2402 756 2474 marcessit.
779 2400 827 2472 In
848 2416 1049 2473 nestrorum
1069 2409 1262 2502 conspeetu

191 2545 372 2594 seruorum
388 2518 582 2618 suspiratis
589 2573 602 2607 ,
620 2533 654 2589 et
670 2543 736 2590 nos
750 2517 896 2615 effectos
907 2544 1093 2619 pauperes
1103 2519 1262 2618 gemurs-

193 2641 250 2711 tis.
269 2639 397 2710 Estote
401 2633 541 2733 floridi
545 2690 559 2724 ,
579 2650 617 2707 ut
630 2634 888 2720 atarceseatis;
905 2650 1015 2707 estote
1026 2633 1158 2708 divites
1171 2653 1262 2708 tem-

190 2756 376 2858 poraliter,
401 2770 439 2825 ut
457 2755 723 2854 inperpetuum
740 2750 963 2825 mendicetis.
982 2751 1180 2853 Numquid
1192 2758 1263 2829 rien

192 2874 292 2948 valet
316 2898 447 2944 manus
474 2870 644 2960 Domini,
673 2884 712 2940 ut
721 2869 851 2967 faciat
873 2893 992 2942 seruos
1015 2894 1101 2941 suos
1127 2870 1264 2943 divitiis

193 2993 377 3094 affluentes
399 3005 433 3060 et
451 2985 787 3088 incomparabiliter
800 2982 1057 3085 splendentes?
1078 2984 1160 3058 Sed
1169 3020 1172 3025 ·
1185 3006 1265 3059 cer·

194 3128 313 3180 tamen
331 3108 457 3179 statuit
473 3104 700 3191 animarum,
720 3119 758 3172 ut
776 3099 927 3173 credant
943 3126 983 3172 se
995 3115 1152 3175 aetemus
1165 3101 1265 3174 tatt-

194 3244 292 3297 turos
310 3224 479 3308 divitias,
487 3224 550 3319 qui
560 3246 633 3321 pro
650 3219 730 3318 ejus
748 3219 891 3289 nomine
904 3217 1121 3318 temporales
1134 3218 1266 3292 tatere

195 3368 282 3441 opes
300 3339 503 3412 uoluerunt.

245 3460 339 3529 Dum
357 3455 433 3527 haec
445 3467 481 3527 et
495 3450 549 3524 his
566 3448 692 3522 similia
709 3447 835 3524 beatus
846 3450 1000 3523 Joannes
1017 3398 1265 3524 aedifimtionis

197 3601 296 3646 eausa
312 3574 535 3676 loqueretur,
555 3584 591 3641 et
607 3567 719 3640 multa
736 3566 780 3640 de
800 3568 962 3653 miseria,
981 3582 1264 3670 contemptuque

197 3688 321 3761 mundi
347 3703 383 3760 et
413 3685 457 3758 de
486 3685 675 3782 apostasia,
703 3682 758 3754 vel
791 3684 828 3753 in
858 3679 957 3755 bono
983 3684 1262 3781 perseverantia,

197 3807 353 3905 gloriose
368 3804 662 3904 persequeretur3
684 3825 764 3872 ecce
776 3799 918 3897 juvenis
936 3799 1085 3872 nomine
1106 3800 1264 3872 stacteus

198 3937 343 3992 amatre
358 3918 462 3990 vidua
479 3932 645 3991 mortuus
663 3912 888 3995 efferebatur.
905 3913 1082 4016 Lugubris
1097 3940 1187 3988 vero
1199 3940 1264 3987 ma·

201 4056 267 4124 ter,
292 4053 328 4110 et
347 4034 463 4108 turbae
474 4090 485 4122 ,
511 4060 592 4132 quae
609 4033 745 4110 funeris
764 4032 930 4132 exequias
946 4028 1097 4132 agebant
1104 4087 1116 4121 ,
1135 4060 1209 4108 sese
1224 4030 1265 4104 ad
