2894 4958
540 319 657 383 LIBER
677 320 888 382 SECUNDUS.
1190 327 1250 388 ³65

186 458 223 518 et
244 444 519 543 possessionum.
539 440 702 540 Cumque
721 443 777 512 ric
795 443 857 514 Dei
880 467 1002 540 preces
1020 445 1094 541 ejus
1111 443 1250 519 audiret

185 577 223 635 et
237 561 344 634 fidem
357 565 431 659 ejus
444 574 666 658 agnosceret,
686 584 834 630 manum
849 557 943 632 illius
961 560 1096 647 tenuit,
1116 561 1249 659 ipsum-

185 705 256 778 que
268 676 360 749 facta
374 677 537 751 oratioue
550 676 698 765 sanavit.
714 678 864 748 Sanctus
876 693 997 750 autem
1009 678 1126 751 Deum
1138 679 1250 778 glori-

186 793 325 880 ficavit,
346 808 382 865 et
403 790 508 867 beato
531 792 610 864 viro
630 817 779 865 munera
795 788 948 880 obtulit,
966 817 1048 892 quae
1065 795 1139 893 ipse
1160 797 1252 868 aeci-

184 937 270 1008 pere
284 910 423 997 noluit,
442 907 502 982 sed
518 908 639 981 omnia
655 908 731 980 dari
748 907 963 1008 pauperibus
976 913 1162 1010 praecepit.

235 1029 331 1099 Dum
348 1025 395 1099 ibi
411 1042 697 1102 commoraretur
712 1042 853 1099 sanctus
864 1027 1063 1115 Martialis,
1086 1033 1252 1128 apparuit

184 1145 218 1218 ei
235 1145 413 1218 Dominus
434 1145 472 1216 in
489 1144 587 1233 visu,
607 1159 644 1216 et
662 1143 754 1215 dixit
774 1175 782 1215 :
805 1145 864 1218 Ne
885 1149 1011 1218 timeas
1033 1144 1252 1221 descendere

185 1262 241 1336 ad
256 1263 377 1335 urbem
390 1265 638 1350 Lemovicum,
660 1263 748 1361 quia
761 1262 814 1336 ibi
826 1280 860 1335 te
869 1263 1105 1363 glonstcabo,
1120 1283 1155 1337 et
1165 1294 1252 1340 sem·

177 1404 253 1478 per
264 1396 381 1451 tecum
397 1405 470 1450 ero.
487 1380 592 1450 Tunc
605 1376 729 1451 beatus
746 1376 910 1475 pontifex
930 1378 1009 1453 illos
1027 1405 1118 1478 quos
1134 1378 1251 1481 bapti-

183 1508 323 1565 zaverat
332 1492 572 1580 confortavit,
582 1493 813 1592 Dominoque
825 1493 1106 1584 commendavit,
1121 1510 1158 1569 et
1168 1521 1251 1570 cum

182 1607 365 1708 discipulis
393 1610 464 1682 suis
490 1608 534 1682 ad
562 1609 688 1684 urbem
719 1610 889 1707 perrexit.
917 1611 959 1681 ln
982 1611 1094 1684 domo
1116 1611 1250 1685 nobilis

182 1741 362 1798 matronae
375 1727 524 1800 nomine
538 1725 708 1798 Susannae
722 1724 892 1824 hospitati
904 1741 1007 1813 sunt,
1021 1741 1059 1799 et
1072 1726 1112 1799 in
1125 1729 1250 1800 crasti-

183 1865 275 1912 num
291 1839 435 1939 publice
451 1840 649 1913 Dominum
667 1839 861 1940 praedicare
880 1856 1085 1939 coeperunt.

234 1959 275 2030 ln
303 1956 461 2058 hospitio
486 1958 554 2031 viri
586 1960 654 2032 Dei
684 1957 830 2058 quidam
858 1959 1088 2058 phreneticus
1116 1963 1250 2035 catenis

184 2074 401 2148 constrictus
426 2091 521 2164 erat,
547 2101 656 2175 quem
683 2074 820 2148 solvere
847 2099 955 2149 nemo
983 2073 1149 2150 audebat.
1177 2079 1250 2152 Pro

182 2215 261 2291 quo
286 2192 445 2266 Susanna
477 2192 616 2292 rogavit
641 2192 850 2291 episcopum
883 2206 924 2264 ut
955 2193 1073 2293 ipsum
1104 2219 1250 2296 quoque

183 2307 278 2380 sicut
289 2309 377 2382 alios
393 2326 532 2383 sanaret
550 2308 749 2382 infirmum.
770 2306 833 2381 llle
847 2334 933 2382 vero
949 2308 1164 2409 supplicanti
1182 2337 1249 2383 an-

183 2423 285 2513 nuit,
301 2440 338 2499 et
349 2427 492 2525 signum
504 2425 620 2498 crucis
632 2450 738 2523 super
751 2451 889 2524 aegrum
904 2423 1010 2513 fecit3
1026 2451 1113 2498 mox
1126 2443 1249 2500 catena

184 2540 369 2615 confracta
386 2558 438 2616 est
460 2559 497 2617 et
512 2541 624 2616 homo
641 2567 746 2614 sanus
762 2541 876 2614 factus
894 2557 960 2614 est.
976 2539 1117 2615 Nobilis
1131 2544 1250 2645 itaque

183 2671 301 2730 mater
317 2673 354 2732 et
368 2657 441 2731 filia
465 2662 539 2758 ejus
561 2656 701 2734 Valeria
725 2656 794 2731 hoc
817 2657 960 2757 signum
975 2657 1136 2733 videntes
1147 2714 1159 2750 ,
1179 2686 1252 2734 cre·

183 2770 356 2850 diderunt
365 2830 377 2865 ,
394 2792 432 2852 et
445 2803 465 2850 a
481 2773 588 2849 beato
607 2773 757 2874 praesule
771 2800 853 2846 cum
866 2773 1040 2848 sexcentis
1055 2774 1100 2849 de
1115 2774 1250 2851 familia

183 2914 248 2963 suu
263 2889 452 2992 baptizatae
470 2907 567 2965 sunt.

233 3008 373 3083 Sanctis
389 3010 427 3084 in
445 3009 586 3085 theatro
601 3004 899 3108 praedicantibus,
917 3008 1116 3084 sacerdotes
1133 3009 1251 3086 idolo-

183 3149 270 3197 rum
288 3126 463 3227 iudignati
482 3143 584 3216 sunt,
608 3150 739 3227 eosque
761 3125 908 3226 flagellis
925 3126 1082 3226 graviter
1098 3126 1252 3202 caecide·

183 3257 276 3317 runt
292 3259 328 3317 et
352 3245 390 3316 in
408 3269 586 3318 carcerem
602 3242 791 3316 miserunt.
811 3242 961 3315 Sanctus
976 3269 1063 3317 vero
1078 3244 1252 3316 Martialis

183 3384 271 3433 cum
288 3361 393 3437 sociis
415 3362 487 3435 suis
511 3361 608 3434 illata
625 3359 693 3434 sibi
718 3361 897 3461 patienter
915 3360 1085 3461 pertulit,
1106 3360 1252 3463 Deoque

182 3478 315 3579 gratias
331 3480 416 3581 egit.
436 3480 539 3553 Circa
556 3477 683 3552 horam
704 3478 884 3578 sequentis
901 3476 971 3551 diei
992 3478 1134 3553 tertiam
1151 3479 1251 3551 Mar-

184 3592 282 3668 tialis
303 3596 438 3686 oravit,
467 3612 503 3669 et
528 3596 705 3670 continuo
723 3594 785 3667 lux
806 3620 933 3694 magna
959 3595 1059 3668 velut
1081 3593 1252 3693 splendor

185 3711 273 3787 solis
291 3712 329 3785 in
347 3737 487 3811 carcere
503 3711 656 3786 refulsit.
673 3711 899 3785 Cunctorum
911 3728 1045 3786 catenae
1058 3710 1252 3784 confractae

186 3845 275 3906 sunt
291 3844 327 3902 et
347 3828 437 3901 ostia
455 3844 574 3929 aperta
595 3844 699 3918 sunt3
716 3842 752 3901 et
764 3853 889 3902 omues
905 3828 968 3928 qui
986 3826 1152 3917 aderant,
1169 3825 1253 3927 bap-

187 3947 291 4019 timi
301 3963 532 4050 rogaverunt.
547 3949 671 4020 Terrae
681 3962 801 4020 motus
812 3945 918 4018 etiam
932 3946 970 4019 in
984 3947 1128 4020 civitate
1139 3945 1253 4018 factus

188 4076 263 4151 est,
281 4060 425 4162 fulgura
442 4079 479 4137 et
496 4065 656 4138 tonitrua
673 4076 893 4154 sonuerunt,
914 4061 1048 4137 ethnici
1062 4061 1106 4136 ad
1125 4061 1255 4161 templa
