2916 4958
548 389 665 452 LIBER
683 389 892 451 SECUNDUS.
1187 392 1246 454 397

188 511 315 589 diebus
341 536 421 600 xvi,
452 509 614 610 tempore
637 510 849 585 Diocletiani
877 525 913 583 et
935 510 1154 583 Maximiani.
1179 512 1246 583 Hic

188 630 348 704 decrevit
365 644 409 702 ut
426 632 542 727 major
560 655 580 700 a
596 624 737 702 minore
752 653 829 701 non
840 623 1034 725 judicetur,
1053 626 1160 699 laicus
1177 629 1246 703 cle·

190 746 308 819 ricum
329 770 406 818 non
428 759 588 833 accuset3
618 744 766 818 clericus
787 769 873 817 vero
895 742 1084 842 cujuslibet
1110 743 1246 818 onlinis

190 859 324 961 absque
347 860 529 960 pontificis
553 861 606 934 sui
630 859 804 961 permissu
825 858 868 931 ad
888 859 1054 933 saeculare
1072 858 1248 957 judicium

189 979 374 1053 neminem
399 976 565 1050 attrahat.
592 977 841 1077 Martyrizatus
865 991 919 1049 est
940 989 1060 1049 autem
1081 991 1147 1049 νιν
1173 977 1243 1050 kal.

190 1094 289 1166 maii.
309 1093 401 1166 Cum
424 1093 501 1192 ipso
518 1093 612 1165 intra
635 1117 707 1167 xxx
726 1091 799 1165 dies
819 1115 910 1164 xv111
926 1091 1039 1164 millia
1059 1089 1247 1166 bominum

190 1234 261 1309 pro
271 1206 341 1282 fide
353 1206 485 1281 Christi
501 1208 676 1306 perempti
694 1222 791 1279 sunt.
807 1207 912 1279 Tunc
924 1207 1034 1279 nimia
1047 1209 1248 1306 persecutio

191 1323 478 1399 Christianorum
493 1323 581 1412 fuit,
606 1337 644 1396 et
666 1323 812 1396 cessavit
834 1310 1054 1421 episcopatus
1073 1325 1175 1397 annis
1195 1349 1246 1399 vu

192 1440 373 1517 mensibus
390 1465 442 1514 vu
460 1437 585 1512 diebus
603 1464 678 1512 xxv
697 1441 713 1534 (
736 1439 765 1535 ).

240 1556 431 1630 Marcellus
444 1557 639 1643 Romanus,
655 1553 884 1647 (leviatan,
897 1554 1134 1628 seditannisx
1147 1581 1248 1629 men·

191 1669 290 1745 sibus
308 1696 360 1744 vn
377 1670 502 1744 diebus
519 1695 584 1742 xxi
593 1723 607 1760 ,
624 1683 786 1769 tempore
802 1670 976 1743 Maxentii
998 1684 1034 1744 et
1047 1670 1246 1745 Maximini.

192 1788 265 1883 Qui
289 1789 328 1862 in
352 1787 516 1862 catabulo
535 1792 634 1887 jussu
659 1787 804 1888 tyranni
822 1788 923 1887 equis
944 1787 1007 1860 diu
1031 1790 1193 1879 servivit,
1212 1806 1249 1864 et

192 1902 338 1979 tandem
354 1917 447 1979 xvu⁰
471 1904 542 1976 kal.
572 1901 743 1977 februarii
768 1903 945 2004 migravit.
976 1903 1083 1976 Tunc
1104 1907 1249 1979 cmsavit

192 2020 415 2119 episcopatus
431 2019 555 2093 diebus
570 2021 651 2118 xx(
675 2020 705 2118 ).

241 2134 417 2209 Eusebius
426 2133 591 2224 Graecus,
607 2133 814 2225 ermodito,
829 2136 920 2210 sedit
930 2137 1035 2209 annis
1050 2161 1089 2210 vr
1102 2162 1248 2211 manser

192 2251 318 2327 diebus
342 2277 406 2340 111,
432 2267 595 2350 tempore
620 2250 849 2325 Constantini
856 2281 868 2341 ;
897 2266 950 2324 v1⁰
974 2277 1063 2326 non.
1091 2253 1250 2331 octobris

192 2369 306 2459 obiit,
334 2386 371 2443 et
388 2369 534 2443 cessarit
550 2369 772 2469 episcopatus
791 2367 915 2443 diebus
932 2395 999 2443 vu.
1024 2370 1137 2468 Hujus
1155 2386 1250 2444 tem-

193 2512 284 2588 pore
295 2512 383 2560 crux
394 2487 544 2560 Domini
562 2487 676 2560 nostri
688 2487 771 2560 Jesu
787 2485 920 2560 Christi
937 2499 978 2560 v⁰
994 2511 1084 2561 non.
1099 2489 1183 2561 maii
1196 2489 1250 2561 in-

192 2615 300 2675 venta
320 2617 393 2690 est,
409 2616 446 2673 et
460 2599 567 2673 ludas
584 2598 771 2692 Quiriaous
788 2598 985 2700 baptizatus
1001 2602 1086 2700 est(
1111 2602 1142 2700 ).

242 2715 455 2791 Melchiadcs
476 2713 564 2789 Afer
589 2716 680 2789 sedit
703 2717 806 2788 annis
829 2738 881 2789 tv.
906 2715 972 2789 Hic
1000 2718 1188 2792 constituit
1209 2737 1251 2791 ut

193 2833 315 2909 nullus
330 2832 496 2908 fidelium
512 2829 696 2908 dominico
713 2836 913 2933 jejunaret,
937 2857 1004 2906 neo
1020 2833 1109 2907 feria
1129 2847 1165 2904 v·
1181 2860 1250 2933 pro

228 3198 270 3270 (ι)
285 3193 335 3268 (to
343 3195 407 3268 juin
422 3194 525 3270 ²9⁶·2l
539 3193 652 3251 octobre
663 3191 738 3266 tos.)
750 3193 841 3250 Meroe
852 3193 1026 3250 observation
1036 3211 1085 3250 sur
1093 3194 1120 3250 le
1131 3205 1252 3269 martyre

194 3295 227 3341 et
237 3302 286 3340 sur
295 3284 335 3340 les
346 3285 539 3340 constitutions
550 3283 586 3339 de
597 3284 668 3339 saint
678 3282 829 3338 Marcellin.
843 3283 881 3337 Le
892 3284 1008 3339 nombre
1018 3281 1067 3339 des
1077 3294 1194 3358 martyre
1202 3287 1252 3360 qui

195 3373 340 3449 perdirent
354 3372 382 3428 la
400 3373 443 3429 vie
454 3391 489 3428 en
502 3370 555 3440 30⁴
571 3372 641 3428 n’est
653 3374 732 3446 porte
748 3370 964 3428 ordinairement
977 3372 1040 3447 qu’s
1053 3373 1123 3429 seiae
1139 3391 1176 3428 ou
1189 3372 1250 3429 dir-

196 3472 259 3538 sapt
269 3460 353 3517 mille.
366 3462 403 3516 Le
415 3462 572 3535 saint-siege
581 3480 616 3517 ne
625 3471 697 3516 resta
706 3478 755 3534 pas
764 3471 859 3516 vacant
869 3460 991 3535 pendant
998 3471 1060 3535 sept
1067 3479 1116 3518 ans
1123 3471 1153 3518 et
1161 3462 1250 3533 demi,

195 3553 266 3609 maie
278 3550 430 3609 seulement
441 3551 564 3624 pendant
575 3552 643 3606 trois
654 3568 703 3607 ana
715 3561 744 3607 et
756 3550 841 3606 demi.

230 3638 272 3712 (a)
288 3641 341 3714 (¹9
357 3639 413 3695 mai
431 3637 534 3695 308-16
548 3638 655 3711 janvier
671 3635 750 3710 310.)
767 3637 845 3694 Nous
859 3653 941 3692 avons
959 3635 1074 3713 indique
1089 3640 1128 3694 ou
1142 3639 1211 3695 enit
1226 3640 1253 3696 le

196 3725 323 3802 quartier
341 3725 377 3782 de
392 3727 447 3783 Via
462 3726 546 3783 lata.
560 3727 598 3782 La
613 3725 825 3782 condamnation
841 3724 876 3780 de
893 3725 966 3781 saint
979 3725 1083 3783 Marcel
1100 3745 1135 3782 au
1152 3729 1253 3787 servior

196 3812 234 3871 tle
244 3814 358 3871 l’tmrie
369 3824 461 3869 estun
472 3814 523 3870 tait
532 3815 590 3870 tres
600 3832 656 3888 peu
667 3815 858 3890 authentique.

146 3918 154 3925 ·
229 3901 272 3977 (ὁ)
288 3904 334 3976 (ao
344 3903 451 3960 mai-26
465 3904 620 3979 septembre
630 3902 705 3977 310.)
717 3907 755 3961 La
771 3904 934 3961 decouverte
945 3903 980 3961 (le
990 3904 1018 3960 la
1030 3905 1105 3961 vraie
1115 3907 1192 3962 croix
1202 3925 1253 3982 par

197 3994 288 4050 niun
297 3993 403 4051 Helene
412 3994 457 4049 n’a
467 4013 504 4050 en
512 3994 569 4051 lien
577 3996 660 4070 qn'en
671 3993 733 4070 327.
745 3997 761 4050 J
762 3993 816 4051 nde
828 3995 957 4065 Qniriaoe
966 4011 1003 4050 ou
1015 3994 1153 4071 Cyrinqne
1161 4007 1203 4053 est
1212 4015 1252 4052 un

198 4100 369 4157 personnage
380 4086 506 4157 suppose.
