2894 4958
192 367 251 430 tot
465 366 650 427 HISTORIA
670 358 979 429 Eccttsttsrtcs.

240 489 390 565 Serersu
419 487 588 564 Pertinax
611 489 714 561 annis
744 513 825 563 xvu
851 487 1000 563 fortiter
1013 489 1182 592 quidem,
1196 490 1257 567 ssd

189 607 367 682 laboriose
379 607 570 707 imperium
583 607 721 694 tenuit,
737 623 774 679 et
786 607 1072 706 persecutionem
1087 608 1127 682 iu
1138 607 1259 683 Claris-

190 727 307 799 tionos
323 725 534 799 acerrimam
546 723 719 799 exercuit.
737 723 919 822 [Clemens
930 722 1187 799 Alexandrinos
1199 751 1259 801 eo·

189 843 305 917 clesiae
319 841 524 943 presbyter,
538 857 574 914 et
586 841 779 913 Pantaenus
792 839 926 914 stoicus
940 837 1198 940 philosophus,
1216 841 1256 915 in

188 959 430 1059 disputatione
460 957 638 1059 dogmatis
663 956 780 1030 nostri
807 955 1031 1030 disertissimi
1057 955 1252 1032 habentur.

187 1076 369 1150 Narcissus
386 1075 700 1176 Jerusolymorum
732 1073 938 1174 episcopas,
966 1087 1004 1148 et
1031 1070 1258 1174 'l'beopbilus

187 1194 451 1292 Caesariensis],
470 1192 691 1294 Polycarpus
711 1192 875 1292 [quoque
898 1205 936 1265 et
959 1190 1099 1264 Bacilus
1114 1189 1257 1266 Asianus

188 1313 386 1411 provinciae
398 1311 570 1411 episcopi,
586 1309 741 1412 insignes
752 1308 961 1407 habentur}
972 1308 1125 1382 Plurimi
1135 1306 1255 1382 Cirris
1331 1307 1332 1310 '

187 1430 372 1504 tiauosnm
399 1426 634 1528 perdirersas
656 1426 861 1527 provincias
882 1425 1063 1528 martyrio
1089 1426 1254 1501 oomnati

186 1560 284 1618 sunt.
302 1543 447 1644 [Clodio
458 1541 608 1635 Albino,
623 1544 687 1644 qui
700 1543 785 1617 sein
796 1540 912 1615 Gallia
926 1567 1092 1615 caesarem
1103 1541 1252 1633 fecerat,

185 1661 280 1762 apud
292 1658 511 1763 Lugdunum
523 1659 735 1749 interfecto,
751 1660 903 1735 Severus
914 1661 954 1732 in
966 1660 1172 1733 Britannias
1182 1659 1254 1735 bel·

186 1780 264 1852 lum
280 1775 453 1851 transfert
462 1805 474 1866 ;
494 1776 558 1849 nbi
568 1830 579 1866 ,
592 1791 682 1850 utet
694 1790 854 1874 receptas
866 1774 1254 1874 pmviuciasabiucur

185 1896 287 1969 sione
300 1892 486 1967 barbarica
503 1892 638 1967 faceret
654 1892 895 1989 securiores],
916 1917 1083 1994 magnam
1097 1891 1252 1982 fossam,
1289 1874 1308 1891 ”

186 2011 503 2110 firmissimumque
528 2008 706 2108 [vallum]
719 2063 729 2097 ,
756 2008 892 2083 crebris
918 2010 1064 2109 insuper
1091 2007 1254 2082 turrilum

185 2127 473 2216 communitum,
494 2127 583 2225 [per
600 2150 726 2198 cxxxn
751 2125 863 2198 millia
881 2148 1049 2224 passum
1064 2151 1084 2197 a
1101 2125 1193 2197 mari
1210 2122 1254 2199 sd

184 2268 284 2316 msre
297 2241 442 2339 duxit],
461 2257 498 2315 et
511 2239 665 2314 Eboraci
679 2240 805 2340 obiit(
829 2242 860 2339 ).

185 2530 225 2586 Ce
236 2530 306 2586 n’est
317 2547 365 2603 pas
373 2528 414 2585 lui
423 2530 472 2604 qui
481 2528 526 2584 sut
538 2530 636 2584 vainou
647 2547 699 2602 prr
710 2528 945 2603 septime-serem
954 2528 1038 2584 surle
1048 2537 1118 2602 pout
1126 2526 1252 2598 Milvius,

185 2621 256 2675 mais
267 2621 398 2675 blesense
410 2637 462 2693 par
477 2620 655 2689 constantin,
671 2638 709 2675 un
727 2619 809 2676 siecle
824 2630 853 2675 et
869 2618 945 2675 demi
962 2620 1025 2694 plus
1037 2618 1110 2675 tard.
1126 2621 1224 2691 Quart
1237 2622 1254 2677 b

185 2710 240 2779 lui,
262 2709 282 2765 il
299 2709 344 2765 lut
356 2709 482 2783 decapite
496 2729 546 2783 par
559 2708 643 2765 ordre
659 2709 699 2765 du
712 2712 789 2765 senat
803 2709 858 2765 lla
875 2709 1001 2766 nouvelle
1012 2708 1048 2766 de
1065 2709 1204 2766 l’election
1218 2708 1255 2766 do

186 2799 441 2872 Septimo-Serere,
463 2800 542 2873 apres
560 2797 596 2855 66
606 2799 686 2870 jonas
698 2797 734 2853 de
751 2799 837 2871 regne
857 2799 1020 2854 seulement.
1039 2798 1078 2854 1ae
1096 2797 1203 2855 mouile
1218 2796 1255 2854 ds

187 2888 304 2944 cesaree
315 2887 350 2944 de
363 2887 510 2956 Palaestine,
524 2906 573 2944 sur
584 2888 611 2943 la
624 2886 729 2962 grande
740 2889 868 2960 question
880 2887 919 2942 dn
924 2888 992 2960 jour
1001 2887 1037 2943 de
1048 2886 1075 2942 la
1085 2886 1255 2943 celebratior

187 2974 222 3032 de
234 2974 260 3031 la
273 2976 375 3050 quue,
383 2977 433 3050 qui
446 2977 519 3050 agita
529 2977 552 3031 si
563 2975 735 3050 long-temps
743 2963 864 3050 l’Eglise,
875 2986 917 3032 est
925 2975 960 3031 de
976 2974 1041 3050 196,
1055 2985 1085 3031 et
1096 2994 1150 3050 par
1158 2976 1254 3031 coust·

187 3074 275 3139 quent
283 3063 323 3119 du
331 3066 418 3138 argue
429 3063 464 3119 de
473 3065 719 3137 septime-Serere.

221 3158 260 3230 (r)
273 3155 366 3228 (Avril
377 3173 415 3211 ou
424 3155 481 3210 mai
496 3154 579 3230 irai-4
588 3155 691 3212 {darier
701 3172 751 3211 au
762 3158 782 3226 ).
792 3157 830 3211 Le
841 3174 907 3211 nom
919 3155 955 3211 de
965 3156 1095 3211 Pertinax
1106 3155 1152 3210 lut
1159 3153 1255 3211 donud

185 3245 451 3321 &optime-Severe
469 3245 578 3317 parles
597 3243 699 3300 soldats
718 3263 755 3300 an
773 3254 897 3300 moment
909 3246 947 3299 od
958 3243 1032 3299 ilsle
1051 3243 1255 3317 proclament

185 3352 340 3408 empereur.
353 3332 427 3389 Bedc
440 3332 480 3387 lui
491 3332 613 3389 attribue
625 3333 753 3389 dix-buit
770 3350 819 3388 sus
838 3332 874 3388 de
892 3333 1045 3406 regnosco
1061 3333 1111 3406 qui
1130 3341 1174 3387 est
1191 3329 1255 3406 plus

185 3425 249 3497 pres
260 3421 332 3479 dela
345 3422 432 3478 verite
442 3440 497 3497 que
510 3422 536 3478 le
547 3421 645 3479 chillre
661 3421 697 3478 de
712 3432 793 3478 notre
804 3431 911 3477 auteur.
927 3422 964 3475 La
984 3421 1142 3495 cinquieme
1158 3421 1255 3494 perst-

185 3511 281 3567 cution
300 3520 396 3566 contre
410 3509 450 3566 les
470 3511 619 3568 Chretiens
636 3529 797 3585 commenca
818 3529 854 3566 en
872 3526 921 3564 aot
943 3526 981 3564 ou
998 3526 1050 3564 aoa
1072 3519 1103 3564 et
1120 3509 1255 3565 contium

181 3599 292 3674 jusqu’l
312 3599 338 3654 la
356 3610 431 3654 mort
449 3599 484 3655 de
503 3618 535 3655 oc
551 3602 654 3675 priore.
667 3601 747 3658 Saint
761 3600 890 3657 Clement
904 3598 1116 3667 d’Alesanda-ie,
1131 3599 1192 3656 l‘un
1205 3597 1255 3657 det

185 3688 315 3744 docteurs
327 3686 363 3741 de
374 3675 500 3760 l’Eglise,
513 3688 557 3743 lut
568 3688 754 3745 contraintde
766 3707 795 3743 se
808 3687 932 3762 refugies
943 3706 979 3742 eu
997 3686 1161 3761 Cappadooe
1183 3704 1255 3761 nn-

185 3774 252 3831 dsut
262 3784 340 3830 toute
351 3790 381 3828 aa
393 3773 488 3830 dureo.
503 3775 528 3830 ll
540 3786 656 3833 mourut
672 3796 709 3833 en
724 3794 791 3853 217,
813 3795 854 3831 un
872 3795 908 3831 eu
927 3778 1007 3849 apres
1023 3776 1102 3832 saint¹
1112 3775 1254 3845 Pantho,

185 3862 255 3918 dont
269 3859 523 3935 trucutentus,
537 3865 628 3937 etqui
641 3862 1131 3940 etsit,des179‚lslatdtedeoettc
1143 3861 1255 3918 celebre

185 3950 262 4007 ceole
273 3948 477 4006 d’Alesandrie.
490 3952 631 4018 Narcisso,
643 3954 747 4029 eaeque
759 3971 797 4009 ou
809 3954 966 4027 patriarche
978 3953 1015 4011 de
1027 3952 1198 4020 Jerusalem,
1208 3968 1253 4007 as-

186 4039 252 4093 sista
261 4055 296 4092 au
304 4037 409 4094 concile
416 4037 451 4094 de
460 4039 586 4111 cesaree,
594 4044 737 4116 corvoque
744 4061 793 4115 par
799 4041 921 4116 l’eveque
931 4040 1130 4116 Theopbileeu
1140 4039 1200 4115 196.
1206 4041 1254 4097 Au

186 4126 243 4182 tau
256 4124 291 4182 u
308 4127 479 4201 Polyme,
497 4127 562 4185 um
577 4131 740 4205 rosamo,
757 4131 863 4205 svsqus
878 4117 1026 4205 dtiphtss.
1038 4131 1135 4202 Quint
1149 4132 1166 4184 s
1182 4128 1253 4185 uas-

187 4213 280 4288 tltyle,
294 4213 314 4270 il
330 4214 427 4273 u’euit
444 4217 610 4291 pastaeque
625 4219 693 4276 d’un
708 4220 781 4293 siege
796 4218 905 4292 d'Asie,
923 4220 992 4278 mais
1008 4218 1044 4275 de
1059 4216 1207 4276 mustus
1226 4216 1252 4276 ll
