2916 4958
546 406 664 470 LIBER
684 408 894 470 SECUNDUS.
1195 411 1255 474 447

191 529 335 633 quidam
353 529 501 601 nomine
522 526 729 599 Artavastus
753 529 943 627 imperium
960 527 1088 600 furtim
1111 533 1254 604 invasit.

190 646 449 721 Constantinus
477 668 562 717 vero
588 645 785 717 exercitum
814 645 973 718 Orientis
1001 648 1255 747 congregavit,

192 764 319 838 urbem
344 764 478 862 regiam
499 762 653 835 viriliter
669 789 875 862 expugnans
892 764 1003 862 cepit,
1029 779 1064 837 et
1086 763 1258 840 rebellem

162 940 164 944 a
192 907 274 953 cum
287 881 358 951 suis
375 878 610 976 complicibus
622 878 735 951 oculis
749 880 915 978 privavit.
932 882 1037 952 Tunc
1048 882 1257 956 Karloman·

190 1022 279 1082 nus,
296 995 419 1068 Karoli
437 994 593 1067 Martelli
606 996 830 1071 Francorum
848 995 940 1095 regis
953 995 1061 1086 filins,
1078 997 1116 1068 in
1130 1013 1255 1073 monte

191 1114 336 1185 Cassino
359 1110 554 1185 monachus
577 1110 690 1183 factus
708 1126 774 1184 est.
798 1111 985 1184 Ratclrisus
1007 1119 1152 1213 quoque
1168 1141 1253 1206 rex,

191 1228 360 1302 hortante
381 1254 488 1326 papa,
513 1227 664 1299 Romam
682 1228 800 1316 venit,
827 1243 992 1328 nutuque
1008 1230 1073 1303 Dei
1092 1230 1255 1328 deposito

190 1344 386 1417 diademate
402 1344 502 1443 regni
525 1343 721 1416 monachus
745 1343 857 1414 factus
881 1359 945 1416 est.
964 1344 1148 1417 Zacharias
1165 1372 1255 1445 papa

192 1486 229 1535 tv
250 1461 362 1535 libros
375 1460 599 1561 dialogorum
615 1460 709 1531 beati
727 1458 893 1560 Gregorii
908 1487 1010 1558 papae
1028 1460 1073 1534 de
1086 1461 1199 1536 latino
1217 1464 1254 1535 in

190 1606 348 1680 graecum
363 1578 565 1666 transtulit,
583 1593 620 1650 et
631 1602 756 1650 mxxv
769 1579 952 1677 episcopos
963 1578 1157 1652 ordinavit.
1173 1581 1255 1655 ldus

190 1721 277 1768 vero
291 1696 411 1765 martii
425 1693 467 1766 ad
481 1692 625 1765 beatum
638 1693 784 1765 Petrum
799 1692 1000 1792 apostolum
1012 1694 1171 1794 sepultus
1182 1710 1253 1783 est,

191 1828 228 1884 et
245 1813 390 1884 cessavit
407 1811 628 1909 episcopatus
644 1809 768 1884 diebus
785 1813 870 1909 xn(
895 1813 925 1910 ).

240 1927 439 2026 Stephanus
462 1928 663 2016 Romanus,
690 1955 733 2001 ex
757 1943 857 2026 patre
882 1929 1142 2018 Constantino,
1166 1928 1256 2003 sedit

191 2044 294 2117 annis
316 2070 340 2116 v
362 2042 487 2116 dicbus
511 2068 641 2116 xxvrn.
670 2047 774 2117 Tunc
798 2044 998 2144 Stephanus
1023 2048 1213 2147 presbyter
1235 2075 1257 2120 a

190 2159 327 2260 populo
347 2161 479 2233 electus
494 2159 579 2232 fuit.
602 2161 672 2233 Sed
690 2162 798 2235 tertio
818 2161 875 2234 die
892 2162 979 2234 dum
994 2189 1011 2233 a
1030 2188 1158 2236 somno
1175 2189 1256 2234 sur-

191 2278 357 2364 rexisset,
386 2293 421 2350 et
441 2276 566 2351 sedens
588 2277 753 2350 alacriter
767 2304 822 2351 res
844 2304 922 2349 suas
945 2277 1172 2379 disponeret,
1192 2306 1257 2350 su-

191 2393 270 2466 bito
282 2393 453 2466 alienatus
467 2390 653 2465 obmutuit
668 2408 704 2465 et
721 2394 757 2465 in
776 2395 974 2466 crastinum
991 2393 1097 2467 obiit.
1117 2393 1255 2467 Deinde

192 2508 391 2607 Stephanus
414 2523 467 2581 est
483 2507 668 2580 ordinatus
686 2507 880 2595 diaconus,
902 2508 1041 2580 cunctis
1062 2507 1259 2582 virtutibus

190 2625 394 2697 adornatus.
407 2625 711 2714 Tuncllistulfus,
720 2624 1041 2727 Langobardorum
1054 2652 1136 2714 rex,
1152 2653 1258 2699 sanc-

192 2756 264 2812 tam
278 2740 469 2815 Ecclesiam
483 2743 590 2814 nimis
602 2741 897 2841 persequebatur,
914 2756 950 2815 et
963 2745 1117 2816 Romam
1126 2742 1256 2815 ditioni

192 2885 265 2931 suae
286 2861 439 2933 omnino
460 2858 648 2959 subjugare
672 2859 868 2932 nitebatur.
895 2859 1124 2959 Quapropter
1146 2887 1256 2960 papa,

192 2973 278 3047 dum
299 2976 353 3048 nil
375 2975 468 3073 apud
490 3002 573 3048 eum
598 2976 766 3075 precibus
789 2975 845 3050 vel
869 2976 1080 3051 muneribus
1103 2978 1257 3069 valeret,

227 3287 265 3355 (ι)
283 3282 332 3354 (30
347 3283 494 3338 novembre
512 3287 615 3359 74ι-ι4
632 3301 706 3338 mars
723 3282 795 3358 752.)
813 3285 888 3338 Lisez
907 3308 913 3337 :
930 3284 1146 3357 Polychronius.
1159 3285 1199 3341 Ce
1215 3285 1259 3341 fut

193 3374 261 3431 dans
275 3394 324 3429 son
342 3375 422 3429 traite
438 3394 501 3430 avec
513 3393 544 3429 ce
557 3394 639 3451 pape,
658 3394 706 3430 sur
718 3374 744 3430 la
757 3375 793 3429 sin
808 3375 843 3429 de
855 3379 916 3449 741,
931 3394 986 3448 que
998 3376 1151 3449 liutprand
1166 3377 1260 3432 rendit

193 3466 233 3521 les
243 3476 340 3540 quatre
355 3465 431 3519 villos
448 3467 591 3540 conquiscs
608 3466 714 3520 l'anne'e
730 3465 903 3539 precedente.
918 3465 1085 3520 Trasimond
1098 3467 1218 3522 n'obtint
1231 3486 1259 3521 sa

195 3555 274 3627 grace
286 3555 348 3627 qu'h
361 3554 385 3607 la
394 3553 537 3609 condition
549 3553 617 3629 qu'il
627 3553 772 3627 prendrait
784 3554 822 3610 les
834 3552 940 3609 ordres.
952 3553 1052 3608 C’etait
1061 3552 1086 3609 lc
1098 3555 1259 3609 traitement

193 3646 260 3720 qu'il
272 3646 342 3700 avait
355 3646 501 3701 lui-mcme
512 3646 616 3718 impose'
627 3649 701 3700 ason
712 3648 787 3719 pere.
798 3642 953 3718 Lintprand
962 3655 1076 3699 mourut
1084 3663 1145 3699 vers
1153 3644 1180 3699 le
1189 3645 1260 3699 mois

193 3733 228 3788 de
237 3735 344 3805 janvier
358 3739 423 3809 744,
438 3737 517 3807 apres
533 3754 572 3789 un
585 3736 669 3807 regne
686 3735 721 3789 de
733 3744 824 3789 trente
839 3743 868 3788 et
882 3752 919 3787 un
937 3751 984 3787 ans
1002 3742 1030 3786 et
1044 3744 1105 3808 sept
1119 3733 1198 3788 mois.
1213 3734 1259 3789 Au

193 3824 263 3876 mols
276 3822 369 3876 ‹l’aorit
383 3823 502 3889 suivant,
516 3822 705 3892 Hildebrand,
721 3841 771 3876 son
786 3839 887 3889 neven,
899 3821 944 3876 lut
953 3820 1067 3894 depose,
1083 3831 1112 3875 et
1122 3820 1261 3895 remplace

193 3932 243 3984 par
257 3913 383 3979 hatonis,
397 3912 451 3967 duc
464 3912 499 3967 de
508 3912 613 3967 Frioul.
626 3912 794 3983 Artabasde,
808 3911 968 3967 lietu-frere
981 3910 1016 3965 de
1025 3911 1189 3966 Constantia
1201 3911 1259 3966 Co-

194 4019 343 4075 pronymc‚
358 4003 455 4056 s'etant
465 4002 568 4057 revolte
581 4013 676 4057 contre
688 4001 729 4057 lui
739 3999 861 4076 pendant
872 4019 923 4055 son
933 3999 1060 4067 absence,
1077 4011 1127 4055 ent
1136 3999 1176 4055 les
1188 4018 1260 4074 yeux

193 4096 285 4147 cretes
299 4093 324 4147 le
338 4110 353 4145 a
372 4092 520 4147 novembre
535 4090 595 4167 745,
611 4092 759 4148 Carloman
771 4090 936 4165 pritl’habit
947 4090 1119 4165 monastique
1133 4108 1168 4146 au
1180 4100 1260 4146 mont

196 4183 292 4237 Cassia
305 4201 340 4238 en
353 4189 414 4258 747,
430 4193 458 4239 et
470 4182 586 4238 llatcbis
598 4200 633 4238 en
645 4186 707 4258 749.
