2894 4958
196 403 257 464 270
474 400 658 462 Hlstoatt
678 399 983 465 Ecettsltsttcu

197 519 392 619 gratissima
416 535 482 591 est.
507 519 612 593 Libet
635 546 722 622 ergo
745 521 790 595 ad
815 522 957 596 laudem
979 525 1260 622 cunctipotentis

190 636 336 710 ‚Messias
349 634 514 737 quaedam
528 635 611 710 inde
620 635 780 712 breviter
792 665 1000 738 excerpere,
1010 655 1047 714 et
1058 638 1145 713 huic
1157 667 1264 740 opus·

198 753 280 826 culo
302 767 428 826 nostro
446 752 614 827 inserere.
635 754 749 854 Igitur
765 780 848 827 cum
866 754 1057 828 Matthaeus
1076 756 1263 855 apostolus

197 885 233 943 ct
246 870 471 970 Evangelista
488 869 781 970 Myrmidonibus
799 869 953 945 verbum
973 871 1096 946 salutis
1114 899 1268 946 annun·

198 987 321 1075 tieret,
342 984 466 1059 undea
479 985 578 1059 duris
594 986 733 1059 civibus
744 986 1004 1087 apprehensus,
1023 991 1138 1064 crutis
1148 990 1268 1065 oculis

196 1103 234 1175 in
252 1128 392 1175 carcere
410 1102 543 1174 catenis
560 1101 800 1176 circumdatus
810 1120 916 1192 esset,
935 1103 1097 1179 Andreas
1113 1121 1270 1206 aposto—

197 1221 271 1309 lus,
291 1219 419 1320 angelo
441 1220 506 1293 Dei
525 1218 694 1319 jubente,
712 1220 756 1294 ad
774 1219 911 1296 fretum
929 1222 1043 1296 venit.
1067 1224 1113 1296 ln
1138 1223 1266 1298 littore

195 1339 341 1411 inventa
354 1363 442 1410 nare
451 1392 464 1429 ‚
476 1364 562 1411 mox
577 1339 616 1410 in
628 1336 727 1411 illam
738 1338 916 1427 ascendit,
935 1355 972 1414 et
983 1365 1159 1439 prospere
1172 1339 1262 1413 llan-

196 1451 293 1526 tibus
309 1454 426 1527 vcntis
440 1453 484 1525 ad
506 1452 635 1526 urbem
656 1452 717 1553 ubi
735 1470 875 1527 sanctus
890 1453 1086 1529 Matthaeus
1102 1457 1142 1528 in
1160 1482 1260 1556 squa-

195 1569 272 1644 lore
298 1571 449 1644 carceris
474 1568 664 1644 tenebatur
692 1573 883 1672 navigavit.
908 1571 1052 1648 ‘Videas
1077 1599 1168 1655 vero
1196 1598 1255 1647 co-

193 1689 396 1788 apostolum
413 1714 519 1761 suum
539 1690 577 1761 in
592 1688 720 1764 dolore
736 1690 852 1764 nimio
870 1717 953 1762 cum
968 1690 1047 1764 aliis
1058 1692 1195 1764 vinctis
1207 1717 1254 1766 re·

192 1807 388 1896 sidentem,
404 1807 620 1880 amarissime
632 1806 751 1896 flevit,
766 1806 929 1908 factaque
946 1807 1055 1881 simul
1071 1810 1251 1896 oratione,

192 1925 291 1999 locus
307 1925 367 2000 illc
383 1926 504 1998 statim
522 1925 762 2014 contremuit,
785 1942 821 2009 et
838 1926 899 1999 lux
916 1951 1042 2024 magna
1061 1926 1103 1999 in
1119 1951 1252 1999 carcere

193 2043 346 2118 refulsit.
373 2043 476 2117 Oculi
503 2069 648 2144 quoque
679 2041 773 2116 beati
804 2042 1041 2143 Evangelistae
1068 2043 1251 2117 restaurati

191 2175 299 2249 sunt,
318 2174 355 2233 et
370 2174 586 2232 cunctorum
611 2175 745 2232 catenae
770 2159 935 2233 relaxatae
952 2174 1051 2232 sunt.
1077 2161 1141 2233 Sic
1163 2161 1251 2235 Mat·

192 2276 327 2365 thaeus,
348 2293 385 2350 et
407 2304 533 2351 omnes
553 2277 631 2366 alii,
650 2278 713 2378 qui
731 2303 814 2349 eum
832 2303 874 2353 eo
893 2278 1003 2350 vincti
1017 2293 1142 2368 erant,
1157 2302 1252 2352 resc-

192 2395 260 2466 luti
281 2409 367 2466 sunt
385 2409 421 2466 et
442 2394 525 2467 inde
541 2393 710 2467 abierunt
722 2394 794 2492 (1).
815 2394 978 2494 Cumque
994 2392 1161 2467 Andreas
1177 2418 1251 2466 ver·

188 2510 279 2583 hum
299 2511 364 2583 Dei
387 2510 598 2609 praedicaret
619 2510 766 2598 incolis,
792 2511 910 2609 ipsum
925 2508 1248 2610 apprehendentes,

189 2627 306 2727 ligatis
329 2625 480 2725 pedibus
504 2641 692 2700 traxerunt
716 2653 781 2724 per
806 2624 960 2724 plateam
982 2626 1152 2699 civitatis.
1176 2626 1248 2699 Jam

187 2745 317 2818 evulsis
328 2745 462 2844 capillis
474 2743 608 2817 fluebat
620 2746 761 2844 sanguis
770 2744 813 2816 de
827 2745 941 2843 capite
955 2740 1062 2816 illius.
1074 2743 1245 2832 Tandem,

188 2876 314 2935 orante
327 2861 509 2960 apostolo,
525 2862 635 2933 timor
649 2861 774 2960 ingens
790 2887 897 2959 super
914 2858 1135 2935 habitatores
1148 2860 1246 2960 Myr·

186 2978 358 3052 midoniae
379 2976 495 3050 sactus
515 2993 588 3068 est,
607 2993 643 3050 et
662 2978 721 3051 ille
744 3005 829 3052 mox
854 2977 899 3049 ab
923 2978 972 3050 eis
996 2976 1166 3050 dimissus
1186 2991 1244 3050 est.

185 3096 321 3171 Deinde
337 3096 506 3195 prostrati
524 3096 602 3171 solo
620 3110 703 3168 ante
725 3096 833 3194 pedes
849 3095 1001 3196 apostoli
1019 3092 1246 3193 praedicatio-

186 3241 270 3288 nem
287 3217 361 3311 ejus
379 3229 613 3313 receperunt,
631 3230 667 3287 et
683 3214 855 3287 divinitus
879 3213 1041 3314 inspirati
1065 3213 1244 3287 credente

187 3331 224 3403 in
241 3331 438 3403 Dominum
457 3329 625 3429 baptizati
647 3346 744 3403 sunt.
770 3329 927 3403 Andreas
950 3328 1034 3402 inde
1056 3329 1241 3414 recedens,

186 3447 223 3520 in
250 3447 434 3546 regionem
460 3472 559 3518 suam
585 3445 641 3543 (a)
666 3447 785 3534 venit,
811 3444 933 3546 ibique
957 3442 1143 3541 cujusdam
1167 3442 1243 3517 caeci

218 3826 258 3897 (ι)
275 3826 312 3880 La
324 3826 495 3897 predication
508 3826 543 3882 de
556 3828 627 3880 saint
639 3825 763 3880 Mathieu
776 3826 842 3879 chez
855 3825 893 3880 les
906 3824 1080 3898 Myrmidons
1092 3835 1138 3880 est
1150 3844 1190 3879 nn
1200 3823 1243 3877 tait

184 3912 396 3986 complete-ent
406 3916 576 3988 apocryphe,
589 3915 662 3969 aussi
674 3914 739 3968 bien
751 3933 805 3987 que
815 3925 877 3968 tout
887 3913 913 3969 le
925 3924 997 3969 reste
1009 3912 1059 3969 des
1069 3917 1242 3969 &venements

185 4006 327 4076 rapportes
346 4023 397 4076 par
408 4016 489 4061 notre
502 4017 600 4060 auteur
612 4015 780 4060 concernant
798 4006 870 4058 saint
886 4004 991 4060 Andre.
1006 4004 1100 4058 Toute
1118 4014 1192 4058 cette
1208 4002 1243 4055 le·

186 4092 274 4163 gende
285 4101 327 4145 est
338 4110 437 4147 encore
449 4096 612 4166 empruntee
627 4112 662 4148 au
676 4094 738 4148 saux
750 4091 867 4157 Abdias,
882 4092 926 4146 lic.
941 4109 980 4144 ιιι.

216 4180 255 4249 (a)
273 4178 416 4234 L’Acha'ie.
