2894 4958
187 322 248 383 368
463 319 649 382 HISTORIA
670 320 973 387 accerstasncs.

190 439 278 513 vatis
296 439 332 513 in
351 437 485 511 coelum
503 441 617 514 oculis
637 440 751 515 dixit:
768 443 947 534 Domine,
966 448 1006 519 in
1022 473 1157 523 marrus
1172 467 1244 524 tuor

187 557 401 632 commendo
418 561 583 661 spiritum
603 586 732 632 meum.
753 560 839 634 Haec
860 562 982 651 effata,
1001 564 1102 639 ultro
1121 566 1247 640 collum

189 674 359 763 tetendit,
375 689 410 747 et
429 673 566 746 fanistae
581 700 655 749 uno
674 676 748 748 ictu
768 676 883 775 capite
900 692 1063 753 truncata
1083 696 1153 755 cst.
1170 685 1196 755 F
1200 683 1249 755 ul-

189 788 306 889 gidam
328 790 440 861 instar
456 789 540 862 solis
561 790 717 862 animam
738 795 812 891 ejus
836 790 881 865 de
902 819 1058 893 corpore
1082 822 1249 896 egressam

187 907 291 980 multi
308 906 476 979 viderunt
494 907 531 977 in
549 908 653 1007 igneo
669 905 779 1007 globo
795 907 926 982 deferri
945 910 984 983 in
997 912 1156 1002 coelum,
1175 939 1249 986 cum

188 1023 399 1125 hymnidico
413 1024 622 1124 angelorum
639 1041 819 1099 concentu
830 1025 1028 1101 dicentium
1045 1032 1246 1120 :Beatam

191 1141 346 1213 Valeria
363 1155 503 1236 martyr
523 1140 678 1232 Christi,
696 1168 780 1241 quse
796 1143 975 1218 macedam
993 1146 1154 1219 Domini
1170 1174 1248 1220 cus·

187 1259 326 1332 todisti.
349 1258 437 1330 Eris
448 1258 593 1357 jugiter
601 1285 823 1360 permanens
837 1261 875 1332 in
890 1279 1085 1364 conspectu
1098 1264 1199 1365 ejus,
1216 1265 1249 1336 in

187 1375 382 1479 splendore
397 1375 490 1447 lucis
509 1402 593 1474 quoe
612 1381 801 1450 tenninum
822 1403 895 1451 non
911 1384 1094 1480 cognovit.

236 1494 322 1563 Haec
338 1489 483 1563 audiens
508 1492 663 1592 armiger
686 1492 856 1593 Stephani
874 1495 990 1586 ducis,
1009 1499 1076 1598 qui
1095 1525 1175 1572 eam
1193 1498 1248 1572 de-

188 1608 398 1696 collaverat,
414 1632 497 1680 cum
510 1634 648 1682 summa
663 1607 893 1684 festinatione
905 1613 1066 1689 Domino
1082 1640 1151 1687 suo
1166 1640 1247 1687 nun·

189 1727 291 1802 tiavit
314 1725 433 1800 omnia
458 1751 540 1824 quae
557 1726 695 1799 viderat
712 1727 767 1802 vel
784 1728 955 1802 audierat.
983 1729 1040 1803 Ad
1063 1730 1244 1819 ultimum,

187 1861 231 1919 ut
245 1841 398 1918 verbum
415 1842 567 1941 virginis
582 1841 626 1916 de
643 1843 845 1918 imminenti
864 1860 983 1919 morte
1000 1872 1062 1919 sna
1080 1848 1244 1948 protulit,

186 1962 234 2037 ab
263 1961 391 2062 angelo
412 1986 601 2060 percussus
625 1961 669 2034 ad
693 1961 799 2061 pedes
821 1961 921 2035 ducis
946 1963 1076 2038 cecidit
1108 1981 1148 2039 et
1172 1992 1246 2039 mox

188 2080 376 2181 expiravit.
395 2080 525 2153 Timor
542 2094 663 2151 autem
679 2096 716 2152 et
735 2095 872 2154 tremor
894 2106 1044 2181 magnus
1070 2081 1199 2157 ducem
1216 2098 1246 2155 et

186 2213 361 2271 cunctum
386 2196 563 2296 populum
589 2199 664 2295 ejus
692 2195 838 2287 invasit,
867 2197 1020 2299 ideoque
1043 2198 1122 2274 dux
1141 2201 1246 2274 cilicio

190 2298 337 2389 indutus
354 2314 398 2387 ad
423 2341 458 2388 se
479 2312 626 2387 beatum
648 2315 850 2388 Martialem
866 2317 990 2391 venire
1010 2319 1167 2418 rogavit.
1186 2316 1246 2410 Qui

189 2457 273 2503 cum
290 2429 531 2529 inpraesentia
548 2431 623 2526 ejus
639 2430 811 2518 venisset,
826 2446 1060 2530 prosternens
1076 2460 1116 2507 se
1129 2433 1200 2506 dux
1210 2432 1247 2505 ad

189 2545 295 2648 pedes
315 2549 408 2645 ejus,
429 2571 511 2618 cum
530 2572 662 2646 magno
678 2547 767 2621 fletu
789 2549 903 2649 coepit
919 2548 1037 2624 dicere
1053 2578 1062 2619 τ
1079 2554 1244 2642 Peccari,

188 2665 295 2737 ooir
317 2665 562 2753 sanctissime,
578 2661 746 2758 fundens
771 2667 988 2765 sangninem
1006 2668 1170 2767 justum·
1192 2667 1249 2741 sed

186 2805 319 2882 precor
337 2795 370 2850 te
389 2795 426 2849 ut
442 2781 632 2852 resuscites
645 2778 742 2852 hunc
754 2783 975 2880 armigerum
989 2807 1133 2870 meum,
1152 2800 1186 2855 et
1200 2808 1249 2854 me

181 2899 311 2996 facias
328 2895 474 2970 credere
489 2897 526 2967 in
543 2897 663 2968 Deam
679 2913 792 2968 tuum.
813 2898 918 2970 Tunc
934 2913 1077 2971 sanctus
1091 2899 1249 2998 pontifex

187 3037 336 3088 omnem
344 3011 519 3110 populum
530 3008 821 3084 Christianorum
835 3014 1065 3101 convocavit,
1082 3029 1120 3087 ct
1133 3040 1250 3088 omues

188 3146 231 3204 ut
243 3134 360 3204 Deum
376 3153 444 3228 pro
456 3129 727 3203 resuscitatione
744 3131 879 3202 mortui
899 3129 1180 3230 deprecarentur
1193 3131 1251 3204 ad-

188 3249 345 3324 monuit.
358 3244 498 3320 Deinde
514 3245 610 3319 facto
627 3246 790 3335 silentio,
809 3248 883 3347 ipse
899 3247 991 3318 clara
1011 3274 1099 3323 voce
1117 3250 1249 3336 oravit,

186 3384 226 3442 et
241 3367 344 3440 finita
361 3366 525 3440 oratione
541 3364 585 3436 ad
598 3362 759 3437 defuncti
781 3390 911 3464 corpus
929 3363 1039 3454 abiit,
1061 3380 1253 3468 tenensque

189 3508 337 3557 manum
353 3485 445 3581 ejus,
463 3496 505 3551 ut
518 3495 719 3579 resurgeret
737 3480 774 3552 in
793 3479 942 3553 nomine
957 3481 1108 3553 Domini
1122 3507 1255 3582 praece·

187 3601 255 3700 pit.
283 3596 353 3690 Qui
384 3595 575 3670 confestim
602 3597 779 3685 surrexit,
808 3612 846 3669 et
868 3596 1083 3696 provolutus
1100 3595 1262 3698 episcopi

188 3715 338 3818 pedibus
360 3713 530 3815 baptizari
555 3713 672 3812 petiit.
694 3712 895 3814 Stephanus
912 3715 1020 3787 etiam
1036 3712 1111 3786 dux
1128 3731 1172 3787 ut
1189 3713 1273 3788 hoe

188 3833 331 3931 signum
355 3829 463 3917 vidit,
482 3829 647 3902 similiter
671 3829 783 3900 sancti
807 3827 962 3928 vestigiis
977 3825 1195 3926 procubuit,
1218 3841 1292 3900 er.

190 3947 447 4047 indulgentiam
464 3974 532 4046 pro
547 3947 737 4020 commisso
752 3946 912 4021 facinore
931 3945 1151 4045 imploravit.
1171 3947 1295 4018 Bes-

191 4052 249 4138 tus
265 4081 383 4139 autem
405 4066 569 4164 pontifex
591 4064 846 4165 poenitentiam
862 4065 892 4138 ci
912 4090 979 4163 pro
1000 4063 1286 4139 interfectione
