2894 4958
536 452 655 515 umen
674 451 883 514 SECUNDUS.
1180 454 1241 517 395

183 577 296 679 gusti,
315 590 352 650 et
368 574 515 648 cessavit
527 576 746 675 episcopatus
760 573 884 649 diebus
897 595 1015 646 xxvn.
1034 573 1102 644 llic
1117 571 1238 646 decre-

183 697 241 769 vit
255 710 297 767 ut
318 692 464 768 infames
481 718 644 793 personae
665 690 861 765 sacerdotes
877 714 953 764 non
976 703 1153 763 account.
1177 690 1242 763 Sa-

185 811 310 886 cerdos
331 824 368 884 et
388 809 504 883 levitas
525 809 667 883 sacratis
684 804 840 880 vestibus
860 808 900 880 in
920 832 987 879 usu
1009 805 1238 906 quotidiano,

185 927 256 1000 nisi
271 928 308 998 in
327 926 489 1015 eeclesia,
508 951 583 1000 non
602 925 779 1023 utantur(
804 924 834 1022 ).

237 1043 356 1116 Sixtus
367 1041 534 1130 Graeeus,
548 1068 590 1116 ex
603 1041 830 1141 philosopho,
846 1041 937 1115 sedit
948 1064 1045 1114 anno
1058 1065 1133 1112 nno
1144 1062 1244 1110 men-

188 1157 286 1232 sibus
305 1183 331 1231 x
347 1157 472 1232 diebus
490 1182 600 1247 xxm,
627 1172 787 1258 tempore
812 1157 965 1233 Gallieni
987 1172 1024 1232 et
1045 1157 1156 1231 Decii.
1177 1156 1244 1228 llic

188 1273 315 1347 statuit
326 1288 367 1346 nt
378 1289 500 1372 spreto
512 1275 662 1374 proprio
670 1274 789 1373 judice
802 1273 845 1346 ad
858 1274 969 1346 alium
983 1297 1170 1346 recurrens
1186 1296 1245 1344 ex·

188 1392 490 1465 communicetur.
515 1391 673 1464 Tandem
691 1403 773 1464 v1u⁰
797 1391 873 1464 idus
894 1391 1032 1491 augusti
1050 1388 1245 1464 decollatus

189 1522 244 1580 est
260 1533 343 1579 cum
356 1532 416 1579 sex
428 1506 658 1582 diaconibus:
676 1507 911 1594 Felicissimo,
926 1506 1101 1608 Agapito',
1118 1507 1247 1577 lanua·

189 1621 268 1710 rio,
291 1622 440 1720 Magno,
457 1621 650 1695 Vincentio
673 1638 710 1695 et
727 1621 923 1721 Stephan03
948 1636 986 1696 et
1003 1619 1149 1701 cessavit
1169 1619 1249 1718 epi-

189 1752 355 1836 scopatus
368 1737 493 1812 diebus
510 1763 623 1838 xxxv.
640 1740 744 1811 Tunc
757 1740 968 1813 Laurentius
979 1736 1248 1835 archidiaconus

190 1872 228 1928 et
245 1855 462 1956 Hippolytus
479 1882 561 1929 cnm
575 1856 709 1930 familia
723 1884 800 1947 sua,
818 1856 952 1931 Abdon
965 1870 1004 1931 et
1020 1852 1156 1957 &unes
1167 1848 1250 1941 stib-

190 1971 305 2071 reguli
321 1972 527 2068 Persarum,
542 1973 672 2074 aliique
684 1974 788 2046 multi
804 1974 950 2048 diversis
962 1960 1145 2073 suppliciis
1155 1966 1250 2043 mar-

192 2087 334 2186 tyrizati
352 2091 467 2187 sunt(
492 2089 522 2187 ).

240 2204 454 2304 Dionysius,
473 2230 517 2279 ex
531 2204 728 2296 monacho,
748 2205 840 2280 sedit
855 2205 958 2279 annis
970 2228 1008 2279 vr
1024 2200 1206 2277 mensibus
1224 2223 1250 2272 ιι

190 2317 319 2395 diebus
344 2346 394 2395 ιν.
414 2322 480 2395 Hic
502 2316 720 2427 presbyteris
740 2324 901 2398 ecelesias
916 2322 1035 2412 dedit,
1055 2320 1250 2408 cimiteria,

192 2435 397 2536 parrochias
429 2453 466 2512 et
492 2439 672 2515 dioeceses
691 2441 892 2515 constituit.
920 2439 1173 2540 Martyrisatus
1200 2450 1254 2509 est

228 2687 270 2757 (ι)
287 2686 375 2757 (Mars
386 2684 470 2742 isto
483 2686 549 2743 amit
558 2687 631 2764 257.)
643 2688 720 2744 Nous
729 2706 847 2763 pensons
857 2707 912 2765 qne
923 2686 950 2745 le
961 2706 1132 2763 personnage
1144 2689 1256 2743 nomme

194 2773 328 2845 Maxime,
341 2776 390 2850 qui
403 2774 491 2848 ligure
505 2777 541 2830 ici
554 2777 608 2831 ala
623 2778 695 2833 suite
705 2777 740 2832 de
754 2777 885 2835 Valtrien
897 2776 972 2834 etde
985 2776 1109 2845 Gallien,
1123 2776 1184 2831 doit
1197 2775 1256 2831 titre

195 2862 297 2920 Galtre
309 2864 441 2931 Maxime,
453 2865 602 2937 proconsul
617 2864 774 2942 d'lll'riqne‚
790 2868 839 2941 qni
856 2867 887 2922 fit
899 2867 1039 2940 dtcapiter
1051 2867 1122 2920 saint
1134 2864 1257 2938 Cyprien

195 2968 231 3008 cn
244 2951 306 3009 258.
321 2953 397 3008 Tous
412 2952 453 3007 les
468 2971 653 3028 personnages
672 2966 700 3010 et
712 2954 752 3011 les
768 2956 832 3011 faits
850 2955 1024 3011 mentionues
1042 2954 1111 3010 dans
1128 2973 1159 3010 oe
1176 2972 1258 3029 para-

196 3043 302 3116 graphe
324 3043 402 3098 n’out
424 3060 530 3100 aucune
550 3043 749 3112 authenticos,
770 3065 788 3119 y
808 3046 927 3119 compris
944 3044 971 3100 lc
989 3054 1110 3118 martyre
1132 3042 1168 3100 de
1187 3043 1259 3099 saint

197 3119 315 3188 iltienue
327 3133 428 3188 meme.

232 3226 273 3295 (a)
291 3225 337 3295 (al
348 3223 414 3278 amit
423 3221 507 3298 257o
518 3224 584 3280 aotit
593 3222 668 3296 258.)
677 3224 751 3280 C'est
761 3218 812 3299 par
820 3225 964 3280 confusion
974 3240 1037 3280 avec
1048 3242 1087 3279 un
1099 3222 1261 3298 pythagori-

197 3314 259 3370 cieta
268 3318 381 3370 nummi
394 3314 481 3388 Xyste
491 3333 527 3370 ou
537 3316 632 3385 Sexte,
647 3333 703 3391 que
716 3317 787 3371 saint
798 3312 874 3372 Sixte
884 3314 913 3370 11
926 3325 967 3372 est
979 3313 1090 3390 qnalifie
1101 3314 1138 3369 ici
1150 3312 1185 3369 de
1197 3328 1262 3387 grec

198 3412 227 3458 et
238 3402 365 3459 d‘ancien
375 3403 548 3479 philosophe
563 3404 619 3462 Son
633 3406 776 3480 pontificat
788 3404 831 3461 n’a
843 3405 923 3479 point
936 3407 980 3460 stt
993 3403 1201 3476 contemporain
1213 3400 1262 3457 des

200 3492 298 3565 regnes
315 3489 351 3546 de
362 3491 472 3548 Gallien
484 3501 513 3547 et
524 3493 611 3561 osso,
625 3494 693 3548 mais
708 3491 744 3549 de
759 3511 827 3549 ceux
841 3491 876 3548 de
887 3491 1019 3550 Valerios
1034 3501 1064 3547 et
1080 3488 1201 3548 Gallien.
1215 3488 1263 3545 Sea

201 3595 387 3652 compagnons
396 3578 431 3633 de
444 3590 565 3652 martyre
578 3580 616 3636 les
631 3581 692 3654 plns
704 3580 899 3657 authentiqnes
908 3590 958 3635 ont
968 3581 1013 3634 cte
1024 3577 1064 3634 les
1072 3577 1179 3634 diceres
1187 3574 1263 3632 Fe'li-

203 3667 310 3723 cissime
323 3677 353 3722 et
365 3669 482 3742 Agapet.
493 3669 572 3725 Saint
585 3673 706 3728 laurent
717 3670 792 3727 subit
807 3670 833 3726 le
849 3680 970 3746 martyre
983 3679 1081 3744 quone
1089 3669 1169 3742 jonrs
1185 3669 1265 3742 apres

205 3753 258 3824 lui,
271 3755 298 3813 le
310 3773 342 3812 ro
352 3755 433 3827 soit,
444 3769 474 3814 et
486 3759 557 3814 saint
569 3761 736 3835 Hippolyte,
749 3760 856 3835 pretio,
868 3760 895 3817 le
909 3758 949 3817 ιδ.
966 3761 1035 3816 Mais
1047 3760 1067 3815 il
1080 3769 1122 3815 est
1133 3755 1266 3832 probable

205 3854 259 3919 que
276 3854 356 3901 notra
373 3856 472 3903 auteur
485 3859 551 3904 veut
568 3849 659 3924 parler
677 3848 744 3907 d’nn
761 3862 840 3908 autre
856 3852 928 3907 saint
944 3849 1105 3926 Hippolyte,
1121 3850 1267 3923 martyriae

210 3932 273 3990 daus
285 3937 323 3992 les
336 3936 460 3995 derniers
472 3940 542 3995 mois
557 3940 593 3997 de
610 3941 671 4018 257,
685 3961 749 3998 avec
765 3942 901 4017 plusieurs
913 3941 1051 3998 membres
1063 3937 1099 3997 de
1113 3957 1142 3995 sa
1154 3938 1266 3996 lamille.

211 4024 303 4094 ΨΜ
315 4027 411 4083 taint
420 4028 521 4084 Abdon
529 4041 558 4086 et
570 4032 642 4088 saint
650 4033 754 4089 &unes
763 4050 798 4088 ou
812 4032 936 4101 Seuneu,
951 4032 984 4088 ils
995 4032 1209 4107 appartiennent
1218 4031 1233 4084 t
1241 4031 1268 4084 la

212 4115 422 4182 persecutioude
429 4117 501 4175 nece
511 4117 621 4186 eroso,
631 4132 659 4177 et
666 4120 760 4178 iurent
767 4124 889 4178 enterres
898 4121 967 4178 dans
972 4121 1000 4177 le
1008 4120 1150 4178 cimetiere
1162 4120 1202 4176 ad
1213 4118 1264 4176 Ur-

215 4203 424 4276 complicatum,
436 4207 514 4265 surle
521 4209 633 4268 chemin
641 4210 676 4269 de
685 4210 779 4281 Porto,
791 4213 839 4287 qni
848 4231 864 4268 a
873 4210 1046 4287 quelqnefois
1054 4209 1112 4285 pris
1119 4207 1266 4267 lenrnom.
