2894 4958
248 360 287 422 tt
522 357 704 418 HISTORIA
726 355 1028 419 ncctfflasticn

295 475 503 551 Aeoendens
522 475 621 549 Jesus
638 476 676 548 iu
701 475 902 548 naviculam
918 474 1162 549 transfretavit
1185 491 1222 550 et
1242 482 1308 549 Ca·

247 593 448 694 pharnaum
462 595 572 668 venit.
592 592 646 665 lbi
665 620 747 666 eum
765 610 874 682 esset,
892 592 998 666 multi
1016 593 1160 668 adeum
1176 619 1311 672 eonve-

248 727 401 801 nerunt;
416 727 453 785 et
465 710 614 786 domum
628 712 835 812 implentes,
849 708 1002 784 verbum
1015 713 1089 809 ejus
1101 709 1307 786 audierunt.

249 829 354 903 Tunc
370 842 559 929 aquatuor
567 829 654 900 viris
669 827 886 928 paralyticus
896 826 1033 902 delatus
1046 842 1118 918 est,
1134 842 1171 903 et
1183 828 1311 930 graba.

249 959 329 1018 tum
348 945 386 1018 in
403 971 478 1045 quo
488 943 651 1044 jacebat,
669 942 805 1021 nudato
821 959 918 1018 tecto
927 998 939 1034 ,
957 960 1041 1017 ante
1057 943 1160 1017 illum
1184 944 1313 1020 demis

248 1086 329 1137 aum
350 1076 415 1136 est.
438 1064 555 1136 Porro
576 1060 731 1135 clemens
755 1062 933 1136 Dominus
957 1059 1064 1136 fidem
1088 1061 1313 1160 portitorum

248 1176 340 1249 vidit
353 1191 389 1249 et
400 1176 599 1276 paralytico
612 1190 753 1275 peceato
767 1173 923 1264 dimisit;
938 1177 1063 1277 eique,
1082 1201 1314 1250 mumuran-

250 1291 347 1366 tibus
366 1291 514 1380 scribis,
532 1293 583 1365 ait
602 1323 611 1364 ε
630 1292 765 1393 Surge,
781 1293 865 1367 tolle
879 1293 1010 1367 lectam
1026 1309 1146 1385 tuum,
1166 1293 1315 1368 stende

251 1410 290 1481 in
306 1407 455 1481 ἅοιηιιιη
472 1425 585 1481 tuam.
604 1408 734 1482 Statim
751 1408 812 1483 ille
828 1410 1004 1499 surrexit,
1018 1424 1074 1500 et,
1094 1407 1235 1484 sublato
1248 1435 1315 1484 ru-

250 1551 329 1598 ram
345 1523 515 1599 omnibus
527 1524 677 1627 grabato
687 1579 698 1617 ,
719 1527 757 1598 in
775 1524 924 1600 domum
939 1550 1040 1598 suam
1060 1524 1183 1624 abiit(
1207 1525 1239 1626 ).

208 1648 211 1655 '
299 1642 387 1717 lude
406 1644 506 1717 lesus
531 1645 707 1719 transiens
724 1642 936 1718 Matthoeum
959 1645 998 1716 in
1024 1643 1170 1718 teloneo
1192 1641 1314 1717 seden-

251 1773 326 1834 tem
343 1760 501 1853 voosvit,
528 1775 564 1835 et
585 1769 748 1836 secutum
772 1788 815 1836 ex
836 1759 1032 1860 publicano
1054 1760 1257 1860 apostolum
1280 1775 1317 1834 et

251 1876 504 1978 evangelistam
520 1876 726 1952 sublimavit
740 1879 812 1978 (a).
832 1875 1088 1953 Diseumbente
1101 1877 1260 1953 Domino
1277 1879 1317 1951 in

251 1992 364 2070 domo
380 1996 463 2070 levi
471 2048 483 2083 ,
498 1994 661 2095 pharisaei
676 1994 951 2069 murmurabant
957 2024 969 2085 3
987 1997 1103 2096 eique,
1120 1994 1217 2098 qnod
1233 2019 1318 2068 oum

186 2154 198 2175 ·
254 2109 455 2212 publiosnis
478 2128 515 2187 et
531 2109 778 2211 peecatoribus
802 2113 1056 2203 manducaret,
1075 2110 1315 2213 demgabant3

253 2225 314 2301 sed
328 2225 505 2329 benignus
516 2227 646 2304 doctor
657 2253 787 2327 pravos
800 2253 927 2302 eorum
940 2227 1130 2303 meditatus
1142 2225 1317 2317 attendit,

254 2345 452 2444 utilemque
478 2347 691 2419 sententiam
714 2346 923 2445 proferens,
950 2347 1001 2419 ait
1021 2376 1031 2417 s
1050 2346 1142 2422 Non
1157 2362 1211 2420 est
1225 2370 1319 2448 opus

254 2458 463 2534 ualentibus
485 2460 668 2551 medicus,
692 2461 761 2534 sed
776 2461 873 2535 male
886 2459 1113 2534 habentibus.
1131 2459 1220 2535 Non
1234 2460 1323 2532 ueni

254 2601 390 2650 uocare
406 2581 542 2677 justos,
568 2577 637 2650 sed
649 2594 877 2680 peccatores.
896 2577 1073 2650 Dominus
1095 2576 1177 2652 ideo
1192 2600 1322 2674 pecea-

257 2709 380 2767 torum
395 2693 559 2765 convivia
574 2691 848 2790 frequentabat,
868 2706 910 2764 ιιι
927 2693 1136 2766 invitatores
1152 2715 1234 2763 suos
1249 2688 1322 2764 do-

256 2810 575 2896 cendoiuvitaret,
595 2821 631 2880 et
647 2805 859 2880 transferret
873 2805 917 2878 sd
935 2806 1095 2880 coelestes
1111 2805 1262 2905 epulas(
1286 2805 1318 2904 ).

305 2929 402 2999 Dum
427 2925 639 3026 loqueretur
661 2924 761 2996 lesus
781 2947 865 2995 cum
888 2920 1071 3021 discipulis
1092 2921 1260 3010 loannis,
1284 2934 1322 2993 et

257 3041 492 3140 reprehensus
514 3055 604 3114 esset
629 3065 648 3111 s
672 3038 854 3137 phariseis
878 3064 944 3111 eur
962 3036 1127 3138 discipuli
1152 3039 1253 3136 ejus,
1278 3054 1322 3110 ut

257 3159 420 3246 loannis,
435 3182 511 3231 uon
519 3160 742 3257 jejunarent3
755 3171 874 3255 aptam
883 3155 1040 3255 protulit
1049 3153 1322 3229 similitudinem

258 3275 303 3350 de
319 3273 403 3348 filiis
431 3272 552 3372 sponsi
571 3296 648 3345 non
664 3270 870 3372 lugentibus
885 3269 1058 3371 quamdiu
1074 3293 1159 3342 cum
1177 3269 1248 3341 illis
1269 3283 1324 3343 est

259 3416 431 3490 sponsus,
458 3403 494 3463 et
511 3387 555 3463 de
571 3387 803 3462 oommissura
818 3387 930 3486 panni
952 3385 1051 3459 rudis
1072 3387 1111 3459 iu
1129 3384 1324 3460 vestimen·

262 3522 341 3579 tum
357 3521 478 3595 vetus,
495 3520 531 3580 et
547 3504 591 3578 de
605 3505 693 3580 vino
713 3530 810 3580 novo
824 3504 864 3576 in
876 3518 974 3577 utres
989 3517 1127 3577 veteres
1142 3527 1219 3576 non
1239 3501 1323 3575 mit·

296 3855 335 3924 (1)
346 3852 445 3907 Matth.
460 3870 499 3920 ιι,
518 3869 578 3924 1-7;
593 3851 678 3905 Mare.
694 3868 727 3918 11,
742 3847 824 3917 3-123
839 3850 904 3905 Luc.
919 3867 947 3918 v,
964 3846 1052 3904 ill-26.
1070 3877 1101 3888 -
1115 3846 1154 3917 (2)
1166 3842 1267 3900 Matth.
1282 3861 1322 3911 ιι,

262 3927 296 4016 9,
310 3944 395 3998 Marc.
409 3960 443 4009 ιι,
461 3944 508 4007 ιι,
520 3941 587 3995 Lus.
601 3958 628 4006 v,
643 3938 737 4013 2748.

297 4031 335 4104 (3)
355 4031 455 4086 lllatth.
471 4048 510 4098 ιι,
528 4027 622 4096 io·13;
635 4031 720 4084 Marc.
734 4046 767 4096 ιι,
786 4027 884 4102 15-17;
897 4027 963 4081 Luc.
977 4041 1003 4094 v,
1017 4023 1111 4098 29-32.
1125 4024 1214 4079 Notre
1226 4031 1325 4079 tuteur

264 4119 366 4173 semble
379 4119 492 4190 ignorer
503 4135 557 4192 que
568 4117 693 4173 llathieu
701 4126 731 4173 et
741 4116 805 4172 Le'vi
815 4126 877 4173 sont
888 4115 915 4171 le
927 4114 1016 4172 meme
1028 4109 1207 4188 personnage.
