2916 4958
189 397 248 459 144
464 396 649 459 utstontt
671 396 977 461 Ecctmttsttct.

238 519 343 593 Sexta
356 516 453 606 haec,
467 516 512 593 de
524 544 595 619 qua
609 519 648 591 in
662 520 832 618 praesenti
845 519 1014 592 diximus.

238 632 1261 735 SanctaetperpetuavirgoChristiEdilthridafiliaAnnoe

190 753 283 853 regis
298 750 523 851 Anglorum,
548 764 586 825 et
612 751 734 849 primo
754 750 858 826 alteri
876 751 957 826 viro
981 751 1260 854 permagnifico,

191 869 341 944 nomine
353 868 562 957 Tondbcrt,
582 868 741 968 principi
757 869 967 944 australium
980 870 1265 961 Cirviorum,et

190 1001 274 1088 post
290 985 442 1088 ngrido
467 987 543 1088 regi
566 984 961 1089 Notrlanhymbrorum
977 993 1138 1088 conjunx
1156 989 1262 1080 data3

191 1120 385 1204 postquam
408 1127 460 1175 x11
485 1128 600 1177 annos
623 1101 772 1176 thorum
788 1103 1176 1204 incorruptaservavit
1193 1131 1267 1179 ma·

192 1221 352 1311 rualem,
376 1236 459 1320 post
479 1221 642 1322 reginam
667 1236 814 1320 sumpto
830 1221 1008 1296 velamine
1033 1246 1130 1295 sacra
1161 1222 1267 1325 virgo

194 1336 476 1411 sanctimonialis
485 1336 657 1427 efficitur;
674 1362 742 1410 nec
753 1361 856 1411 mora
869 1338 978 1412 etiam
990 1338 1177 1438 virginum
1189 1364 1269 1411 πια-

195 1469 252 1529 ter
269 1470 306 1529 ct
319 1454 445 1526 nutrix
462 1454 519 1553 pia
534 1467 753 1543 sanctarum,
769 1468 917 1554 accepto
929 1454 966 1526 in
979 1452 1268 1529 construendum

194 1572 457 1647 monasteriam
475 1570 579 1661 loco,
597 1596 707 1672 quem
719 1571 834 1671 Elige
850 1585 993 1646 vocant.
1008 1570 1118 1671 Cujus
1135 1572 1266 1647 merita

194 1689 330 1763 vivacia
342 1704 495 1763 testatur
511 1688 621 1763 etiam
642 1714 726 1764 caro
750 1705 915 1777 mortua,
934 1698 1019 1789 quae
1036 1703 1120 1789 post
1143 1690 1269 1764 decem

195 1821 232 1879 et
248 1816 308 1880 s'ex
324 1830 439 1879 annos
461 1803 676 1905 sepulturae,
700 1830 785 1877 cum
803 1819 900 1879 veste
923 1830 993 1904 qna
1012 1805 1178 1879 involuta
1195 1820 1266 1893 cst,

197 1924 408 2023 incorrupta
421 1922 602 2022 reperitur
617 1924 633 2020 (
658 1922 689 2021 ).

244 2042 467 2116 Justinianus
479 2040 617 2129 minor,
636 2039 732 2114 filius
748 2040 1000 2131 Constantini,
1019 2041 1124 2114 annis
1144 2064 1184 2113 x.
1201 2038 1270 2113 Hic

195 2158 387 2234 coustituit
404 2183 530 2257 pacem
555 2182 638 2229 cum
665 2155 868 2231 sarracenis
886 2156 1064 2232 decennio
1080 2173 1178 2231 terra
1196 2180 1270 2229 ma·

197 2277 316 2377 rique.
340 2274 462 2349 Sedet
479 2274 666 2374 provincia
687 2274 808 2347 Africa
830 2273 1014 2376 subjugata
1039 2291 1094 2350 ast
1113 2298 1269 2349 romano

198 2392 372 2492 imperio,
396 2418 480 2493 quae
501 2390 620 2464 fuerat
637 2406 768 2465 tantaa
786 2393 990 2466 Sarracenis
999 2446 1011 2483 ,
1032 2393 1107 2492 ipsa
1122 2414 1270 2493 quoquc

197 2505 412 2607 Carthagine
423 2505 470 2579 ab
483 2506 532 2581 eis
545 2521 646 2607 capta
664 2523 700 2581 et
712 2506 906 2582 destructa.
926 2508 994 2581 Hic
1006 2506 1122 2582 beatae
1132 2528 1271 2581 memo·

197 2623 263 2696 rioe
279 2620 493 2722 pontificem
511 2648 673 2697 romanae
695 2623 853 2698 ecclesias
873 2623 1058 2724 Sergium,
1081 2623 1166 2723 quia
1180 2646 1271 2695 cna·

197 2738 283 2814 ticae
309 2765 383 2813 suae
411 2736 573 2840 synodo,
614 2764 725 2840 quam
758 2738 1075 2839 Constantinopoli
1111 2736 1269 2827 fecerat,

195 2852 314 2929 favere
327 2870 365 2929 et
377 2852 604 2929 subscribere
621 2854 814 2943 noluisset,
832 2855 942 2929 misso
961 2852 1129 2927 Zacharia
1145 2866 1272 2953 proto·

198 2973 354 3072 spatario
366 2997 450 3061 suo,
470 2973 578 3072 jussit
593 2971 952 3073 Constantinopolim
976 2971 1174 3071 deportari.
1201 2971 1273 3045 sed

232 3275 271 3347 (t)
290 3274 338 3331 On
351 3293 387 3331 ue
404 3285 515 3350 compte
524 3273 746 3330 ordinairement
761 3293 817 3349 que
829 3275 894 3348 cinq
910 3283 974 3328 cent
986 3272 1065 3347 vingt
1077 3289 1114 3327 ou
1127 3272 1274 3347 cinquant

197 3364 333 3438 vingt-six
352 3365 470 3440 aveques
487 3382 523 3420 au
543 3363 650 3421 concile
666 3365 861 3439 oecumeniqna
881 3364 916 3419 de
933 3362 1137 3431 Chalcedone,
1163 3364 1201 3418 οὺ
1219 3380 1271 3421 uos

197 3466 309 3511 auteurs
322 3474 357 3511 en
370 3466 483 3530 portent
492 3454 519 3511 le
532 3456 649 3512 nombre
661 3458 677 3510 a
690 3454 754 3511 630.

231 3549 285 3606 Sur
297 3549 432 3623 lapieuse
449 3548 589 3621 princesse
604 3534 761 3602 Edelthrtte
772 3565 810 3602 ou
823 3533 987 3613 Ethildrita
1002 3555 1093 3601 morta
1105 3562 1141 3600 on
1156 3543 1226 3621 679,
1240 3554 1271 3601 et

198 3657 246 3693 sur
257 3638 284 3695 le
295 3640 451 3694 monastero
464 3636 564 3712 qu’elle
574 3635 658 3692 londa
669 3639 685 3691 a
696 3624 755 3710 Hy,
771 3654 852 3710 voycz
862 3634 1004 3691 l'llc'stoire
1016 3634 1225 3709 ecclc'siastique
1233 3632 1271 3691 ὼ

197 3727 284 3798 Bada,
295 3727 342 3783 liv.
355 3745 393 3793 tv,
406 3728 450 3782 ch.
469 3744 514 3800 19,
528 3726 555 3801 le
569 3724 672 3782 second
685 3725 795 3780 volume
807 3724 857 3780 des
869 3724 945 3779 Acta
960 3725 1011 3779 SS.
1027 3722 1087 3779 ord.
1101 3723 1201 3778 Sancti
1211 3720 1271 3779 aa·

198 3818 316 3884 aedisti,
337 3829 367 3874 et
385 3817 425 3873 les
444 3816 627 3873 Bollandistes
645 3834 682 3872 au
701 3813 735 3872 23
751 3816 826 3888 juin.
846 3817 898 3872 Les
915 3816 1056 3870 australes
1076 3815 1176 3883 Gavii,
1199 3812 1272 3871 dont

198 3926 268 3963 nous
287 3907 399 3962 u’avoua
415 3908 513 3962 trouve
525 3904 748 3981 l'emplacement
761 3903 878 3979 indique
894 3902 969 3958 nulle
988 3913 1066 3977 part,
1080 3919 1152 3957 nous
1163 3901 1272 3976 parais-

198 4009 259 4055 sent
275 3998 334 4054 latre
349 3999 388 4053 les
404 3997 544 4052 habitants
561 3995 596 4051 de
611 3995 638 4051 la
656 3997 770 4051 contree
786 3995 873 4051 situas
892 4013 942 4051 sur
958 3994 985 4050 la
1003 3994 1061 4050 rive
1080 3992 1172 4048 droite
1189 3990 1227 4048 de
1244 3990 1273 4047 Ιι

199 4089 292 4163 Tyne‚
304 4088 373 4145 daus
384 4087 410 4144 le
423 4090 514 4143 comte
523 4086 559 4141 de
570 4087 711 4155 Dnrham,
726 4104 779 4141 anx
791 4087 921 4142 environs
929 4085 1073 4153 d'larsow,
1084 4084 1142 4140 lieu
1150 4083 1187 4139 de
1198 4084 1273 4139 nais·

198 4196 278 4234 sance
290 4178 326 4234 de
340 4176 428 4244 Bada,
443 4177 491 4250 qui
506 4178 610 4249 portait
621 4174 695 4230 alors
708 4174 812 4231 lenoni
824 4175 859 4230 de
877 4177 993 4230 Girvam
1005 4191 1042 4229 ou
1057 4174 1144 4228 Ciani.
