2894 4958
565 361 681 425 LIBER
703 360 861 428 ruimus.
955 369 958 375 ’
1210 365 1246 427 41

184 486 296 586 inseri
310 511 385 558 non
396 482 646 585 praevalebunt
670 484 855 560 adverus·
868 510 962 559 eom.
989 487 1042 557 Et
1069 483 1135 557 tibi
1150 484 1249 557 dabo

183 602 304 677 claves
319 602 424 701 regni
437 600 629 691 coelorum,
645 617 679 673 et
690 602 945 702 quodcumque
959 603 1128 702 ligaveris
1143 629 1253 702 super

184 737 330 810 terrm,
351 720 417 791 erit
436 720 591 818 ligatum
607 734 641 790 et
659 720 697 791 in
715 719 816 792 ecelis
823 752 840 806 ,·
856 735 891 792 et
906 718 1158 820 quodcumque
1174 719 1250 792 sot

184 841 274 912 veris
285 862 396 938 super
410 850 541 908 terram
548 891 563 927 ,
578 837 645 908 erit
656 835 813 909 solutum
826 851 861 909 et
878 837 917 908 in
931 836 1033 909 omlis
1048 836 1118 936 (1)
1141 836 1249 907 Tunc

183 954 357 1052 proecepit
396 951 578 1051 discipulis
612 951 684 1024 suis
721 968 763 1025 ut
797 953 935 1027 nemini
970 952 1133 1026 dicerent
1166 953 1250 1053 qnia

184 1069 260 1168 ipse
276 1085 366 1143 esset
387 1070 487 1142 Jesus
513 1066 689 1142 Christus.
715 1067 858 1141 Exinde
880 1069 993 1167 eoepit
1009 1066 1109 1142 Jesus
1127 1085 1251 1142 osten·

182 1184 269 1260 dere
294 1185 475 1286 discipulis
499 1186 570 1259 suis
593 1185 675 1285 quia
702 1198 887 1284 oporteret
913 1211 997 1259 eum
1027 1187 1079 1260 ire
1105 1187 1249 1259 Jeruso·

183 1301 339 1402 lymam,
360 1316 398 1374 et
417 1301 530 1375 multa
551 1301 625 1400 pati
641 1326 662 1373 ι
678 1299 879 1374 senioribus
894 1316 931 1375 et
952 1298 1078 1374 scribis
1094 1316 1131 1374 et
1144 1299 1251 1399 prin-

184 1418 327 1519 cipibus
346 1417 590 1508 sacerdotum,
610 1435 647 1494 et
663 1419 777 1494 occidi
796 1435 833 1493 et
850 1420 956 1494 tertia
978 1418 1036 1492 die
1050 1444 1247 1518 resurgere.

183 1533 379 1611 Assumens
392 1561 476 1610 eum
492 1536 619 1609 Petrus
639 1541 846 1635 separatim,
871 1536 984 1636 coepit
1000 1534 1104 1607 illum
1121 1534 1253 1608 affeetu

183 1655 318 1726 amoris
340 1654 523 1754 increpare
533 1707 545 1743 ,
563 1652 685 1728 dicens
711 1653 848 1727 :Absit
863 1681 889 1726 o
910 1669 963 1744 te,
983 1652 1162 1725 Domine!
1178 1678 1252 1724 non

184 1771 254 1841 erit
267 1770 333 1842 titi
346 1770 427 1843 hoo.
447 1768 516 1862 Qui
535 1795 744 1861 conversus,
763 1770 857 1842 dixit
872 1770 1006 1844 Petro:
1030 1768 1142 1843 Vade
1158 1784 1250 1840 retro

185 1906 257 1975 me,
279 1885 457 1958 Sathena.
478 1885 710 1960 Scandalum
720 1886 813 1959 milti
822 1913 873 1976 es,
894 1887 984 1986 quia
1000 1911 1073 1960 non
1089 1886 1192 1985 sapis
1206 1911 1251 1956 ea

186 2027 271 2102 quse
282 2005 357 2075 Dei
366 2021 468 2093 sunt,
483 2006 551 2077 sed
561 2031 645 2104 quae
656 2004 853 2077 lominum.
869 2005 1065 2103 Postquam
1073 2003 1251 2076 Dominus

184 2121 401 2220 mysterium
426 2146 498 2192 sum
526 2119 699 2219 passionis
723 2135 760 2193 et
777 2120 1052 2194 resurrectionis
1070 2116 1249 2208 ostendit,

186 2233 355 2308 hortatur
370 2260 430 2309 eos
453 2261 524 2307 una
549 2261 631 2308 cum
651 2235 757 2309 turbs
783 2234 827 2308 ad
848 2235 1069 2336 sequendum
1087 2259 1160 2307 sum
1177 2260 1253 2332 pas-

185 2353 298 2426 sionis
324 2353 548 2452 exemplum,
575 2353 791 2452 promittens
817 2353 915 2452 quod
934 2379 1118 2453 perpessos
1135 2353 1252 2427 comi-

185 2485 287 2544 tetur
300 2472 494 2569 praemium
510 2472 526 2567 (
550 2472 580 2571 ).

233 2587 321 2657 Post
344 2584 418 2660 dies
448 2613 530 2675 sex,
556 2587 746 2687 assumpsit
775 2589 923 2660 Petrum
946 2603 983 2660 et
1005 2585 1180 2660 Jacobum
1213 2601 1250 2659 et

186 2700 364 2774 loannem
383 2701 532 2774 fratrem
546 2703 643 2799 ejus,
668 2715 705 2775 et
724 2700 829 2775 duxit
846 2702 927 2776 illos
941 2703 980 2774 in
995 2715 1160 2776 montem
1183 2726 1251 2774 ex-

185 2814 321 2888 celsum
348 2841 530 2905 seorsum,
559 2831 598 2889 et
620 2815 891 2918 transfiguratus
916 2832 1080 2891 estante
1100 2842 1173 2890 eos.
1201 2816 1252 2888 Et

184 2928 409 3028 resplenduit
434 2930 541 3005 facies
564 2934 639 3028 ejus
665 2929 758 3003 sicut
786 2931 865 3021 sol,
891 2932 1103 3006 vestimenta
1131 2946 1251 3005 autem

184 3048 261 3144 ejus
274 3044 368 3118 facta
379 3060 464 3120 sunt
474 3044 554 3119 olba
567 3046 660 3119 sieut
670 3047 748 3119 nix.
766 3048 815 3120 Et
826 3072 907 3121 ecce
919 3062 1165 3148 apparuerunt
1181 3047 1251 3119 illis

184 3161 326 3258 Moyses
352 3178 389 3236 et
412 3163 549 3252 Helias,
577 3188 661 3236 cum
686 3188 731 3237 eo
752 3163 958 3265 loquentes3
978 3180 1017 3238 et
1040 3190 1120 3238 ecce
1136 3163 1250 3238 nubes

183 3276 302 3350 lucida
318 3277 550 3352 obumbravit
564 3305 637 3354 eos.
651 3280 702 3355 Et
718 3306 799 3354 ecce
817 3307 887 3356 vox
902 3280 947 3354 de
963 3280 1082 3371 nube,
1100 3283 1222 3356 dicens
1238 3312 1247 3353 ε

184 3393 263 3466 Hic
277 3394 443 3496 est-filius
457 3422 557 3469 meru
582 3397 756 3487 dilectus,
784 3401 822 3471 in
839 3423 911 3496 quo
932 3398 1025 3470 milti
1047 3396 1134 3472 bene
1148 3424 1251 3472 com·

180 3511 315 3612 placui
318 3546 336 3602 ;
352 3516 472 3615 ipsum
487 3515 626 3588 audite.
651 3513 846 3588 Audientes
860 3514 1026 3614 discipuli
1044 3515 1252 3591 ceciderunt

185 3628 223 3702 in
243 3629 373 3703 faciem
390 3657 490 3704 suam
517 3647 553 3706 et
576 3632 777 3706 timuerunt
791 3630 906 3706 valde.
925 3633 976 3705 Et
991 3633 1137 3707 accessit
1150 3633 1250 3706 Jesus

184 3757 222 3816 et
246 3743 367 3844 tetigit
390 3770 473 3839 eos,
499 3744 661 3846 dixitque
686 3745 730 3818 ad
754 3771 814 3820 eos
841 3777 849 3817 ε
880 3747 1049 3848 Surgite,
1079 3763 1114 3820 et
1137 3747 1250 3820 nolite

216 4031 258 4106 (ι)
275 4035 375 4092 matth.
403 4055 464 4106 xvi,
494 4035 695 4113 13-193Marc.
723 4055 788 4104 vin,
817 4055 919 4114 27-293
946 4040 1012 4095 Luc.
1037 4058 1078 4108 u,
1105 4041 1194 4097 18·ao.
1216 4069 1248 4080 -

183 4119 222 4193 (a)
235 4121 337 4179 naith.
351 4140 411 4194 rvr,
427 4124 524 4195 ao·28;
538 4124 622 4182 More.
637 4143 701 4197 vui,
717 4123 816 4200 30-393
830 4127 894 4182 Luc.
911 4145 948 4198 ix,
964 4144 1057 4202 21-27.
