2894 4958
386 429 503 491 LIBER
523 428 736 492 SECUNDUS.
1036 432 1098 495 ³77

28 568 149 644 caret,
169 566 205 626 et
220 549 373 623 maxima
392 549 611 648 populorum
632 546 849 640 multitudo,
865 564 910 621 ,ut
930 543 1098 623 audirent

27 694 113 743 vera
125 668 310 768 dogmata,
327 680 560 740 concurreret
568 719 581 758 ,
595 663 792 766 sigibertus
808 690 927 739 comes
938 663 1098 740 decrevit

28 810 116 858 cum
141 807 275 884 magno
297 780 457 855 militum
475 782 633 855 exercitu
657 780 703 854 ad
722 808 806 856 eum
823 780 964 872 venire,
992 782 1099 884 eique

27 915 293 1002 congruentem
309 913 518 1000 apparatum
536 896 701 974 ciborum
723 915 761 973 et
776 914 885 1000 potus
902 897 1099 973 amicabili·

29 1033 89 1092 ter
100 1017 283 1093 exhibere.
302 1017 451 1117 Copiam
465 1042 552 1117 crgo
564 1017 718 1118 piscium
731 1017 957 1117 concupivit,
977 1033 1014 1090 et
1029 1017 1099 1089 mi-

28 1134 165 1209 nistros
183 1135 222 1208 in
240 1149 396 1234 pontum
411 1131 569 1232 piscandi
586 1134 699 1234 gratia
716 1134 827 1206 misit.
847 1131 1009 1208 Tandem
1025 1133 1098 1233 pis-

29 1249 215 1353 catoribus
231 1251 343 1324 multa
362 1274 481 1323 secum
500 1274 630 1350 genera
653 1250 804 1349 piscium
829 1247 1096 1338 deferentibus,

29 1381 69 1440 et
85 1381 206 1467 optata
229 1366 382 1440 invisere
397 1363 519 1440 littora
536 1365 783 1465 cupientibus,
802 1365 923 1440 subito
942 1381 1100 1466 tempes-

30 1492 223 1557 usexoru
239 1498 293 1557 est
309 1484 349 1557 in
362 1483 474 1572 mari,
489 1509 571 1585 quae
589 1484 673 1584 ipsis
691 1484 880 1558 interitum
896 1499 932 1558 et
949 1480 1100 1557 navibus

29 1598 258 1701 naufragium
274 1601 387 1700 coepit
401 1601 547 1674 minari.
567 1603 683 1677 Porro
701 1601 893 1677 Benedicta
905 1601 1098 1691 comitissa,

28 1740 113 1816 quae
123 1742 206 1790 cum
218 1715 452 1790 multitudine
460 1715 577 1817 plebis
588 1717 632 1790 ad
648 1716 751 1790 littus
765 1732 861 1790 stans
875 1716 1097 1817 expectabat,

28 1818 265 1907 metuendum
287 1831 423 1934 trepida
450 1833 653 1934 periculum
673 1832 829 1908 videbat.
849 1835 1099 1935 Cumquejam

29 1950 146 2050 mergi
160 1950 356 2049 coepissent
370 1949 534 2026 homines
546 1977 630 2025 cum
647 1950 799 2025 navibus
806 2004 818 2041 ‚
837 1951 1003 2052 religiosa
1017 1977 1101 2024 mu-

29 2064 99 2139 lier
116 2064 279 2140 extendit
300 2067 340 2140 in
363 2065 499 2141 mum
515 2092 661 2159 manus,
682 2083 720 2142 et
734 2092 824 2141 voce
839 2092 967 2166 magna
983 2065 1102 2140 excla-

30 2208 134 2255 mans
155 2183 275 2258 Deum
301 2182 502 2273 invocavit,
519 2197 557 2258 et
579 2183 759 2258 continuo
779 2182 896 2257 sedata
914 2175 1102 2284 tempestas

31 2301 192 2375 cessavit.
210 2301 408 2376 Piscatores
424 2307 546 2376 autem
561 2327 645 2375 oum
662 2300 816 2375 navibus
833 2316 871 2375 et
886 2294 1044 2401 piscibus
1059 2325 1101 2373 ac

31 2415 170 2492 retibus
190 2418 387 2494 incolumes
402 2417 445 2491 ad
469 2423 618 2518 portum
638 2435 905 2519 pervenerunt,
924 2433 962 2493 et
978 2417 1101 2492 cuncti

31 2531 102 2608 boc
117 2534 277 2609 videntes
292 2533 494 2609 mirabilem
508 2536 623 2610 Deum
639 2534 946 2637 glorificaverunt.

81 2652 208 2725 Almus
228 2679 316 2729 vero
332 2653 463 2753 praesul
481 2679 500 2725 a
517 2654 730 2728 Mauritania
748 2680 911 2734 reversus
931 2654 1103 2729 lemovi-

31 2798 111 2845 cam
124 2768 324 2870 repedavit,
339 2786 376 2845 et
390 2770 473 2845 inde
486 2772 531 2844 ad
543 2772 664 2845 vicum
676 2771 826 2845 nomine
838 2771 1031 2845 Ansiacum
1042 2773 1101 2874 (1)

30 2888 205 2989 perrexit.
231 2887 286 2961 lbi
314 2889 411 2962 Jovis
437 2888 576 2965 idolum
602 2887 806 2964 venerabile
829 2890 978 2990 Paganis
1003 2904 1101 2982 erat,

32 3002 158 3105 ibique
168 3003 366 3078 multitudo
374 3031 502 3106 magna
516 3004 765 3106 languentium
775 3003 924 3079 diversis
934 3031 1102 3106 oppressa

32 3118 305 3193 infirmitatibus
313 3119 465 3220 jacebat.
484 3123 592 3195 Tunc
611 3119 822 3196 adveniente
838 3122 1012 3223 pontifice
1026 3120 1103 3198 dae-

31 3262 121 3310 mon
138 3237 344 3328 obmutuit,
363 3238 424 3313 sed
436 3240 493 3312 vir
504 3239 591 3328 Dei,
606 3237 817 3340 rogantibus
831 3239 977 3332 incolis,
992 3240 1037 3314 de
1052 3240 1117 3340 ⁸55.

30 3353 194 3428 mulacro
207 3352 309 3429 illum
319 3356 438 3457 egredi
452 3357 645 3457 praecepit,
659 3372 812 3431 statuam
824 3355 1055 3459 confringere
1065 3374 1103 3432 et

65 3667 106 3738 (ι)
124 3666 162 3721 le
172 3675 247 3722 texte
259 3667 390 3742 imprime
403 3678 483 3742 porte
495 3670 641 3725 Astacum.
655 3670 695 3724 M.
708 3669 832 3724 Maurice
844 3667 954 3725 Ardent
964 3667 1038 3725 croit
1045 3684 1104 3743 que

29 3754 99 3809 c’est
109 3753 135 3808 la
147 3755 233 3826 petite
241 3754 305 3810 ville
317 3755 414 3813 d'Aixe
426 3758 544 3830 (Arm),
556 3760 573 3812 a
584 3756 657 3814 deux
668 3756 755 3813 lienes
767 3767 796 3812 et
809 3756 900 3812 demie
914 3755 949 3812 de
961 3756 1100 3831 Limoges.

30 3842 70 3898 Le
85 3842 157 3898 Perc
172 3843 364 3902 bonaventure
380 3844 415 3902 de
432 3846 655 3916 saint-Amable,
674 3847 725 3921 qui
741 3846 812 3901 ecrit
822 3865 854 3902 ce
870 3855 930 3901 mot
945 3847 1102 3901 Amrbcum

29 3950 141 3988 comme
151 3933 178 3988 le
189 3936 342 3991 manuscrit
349 3935 385 3992 de
394 3925 619 4006 saint-Evroult,
632 3955 668 3993 ne
679 3936 792 3991 connalt
802 3953 910 3992 aucune
919 3934 1027 3992 locelite
1040 3953 1102 3992 mo-

30 4020 120 4077 derne
139 4023 156 4076 t
172 4021 291 4098 laquelle
309 4024 331 4080 il
349 4026 442 4099 puisse
460 4025 487 4082 le
505 4037 661 4100 rapporter.
684 4024 709 4080 ll
726 4044 745 4098 y
765 4025 837 4081 avait
856 4043 896 4081 un
914 4023 972 4082 lieu
989 4025 1103 4080 nomme

30 4113 137 4179 Ansac,
152 4112 224 4169 sitne
237 4113 306 4171 dam
315 4115 341 4171 le
353 4126 455 4173 ressort
467 4116 531 4174 civil
543 4115 579 4173 de
589 4117 733 4192 limoges,
748 4115 818 4173 mais
826 4115 894 4173 dana
905 4114 932 4172 le
945 4114 1053 4172 diocese
1065 4113 1102 4170 de
1204 4122 1208 4143 ‘

30 4200 161 4258 Poitiers.
