2894 4958
268 447 309 509 ao
548 444 1054 524 nrsroanaccuusnsncs.

140 577 146 582 “
267 566 398 640 tiatore
422 580 458 639 et
479 566 690 666 margarita,
715 564 761 640 de
783 564 921 640 retibus
943 566 1058 640 missis
1081 569 1121 641 in
1143 596 1241 646 mare
1266 573 1332 648 ad·
1428 633 1437 647 „

263 685 364 784 jecit,
382 696 420 757 et
432 682 522 783 quid
536 681 707 785 figuraret
719 683 895 782 exposuit.
910 682 998 758 lude
1011 684 1050 758 iu
1063 685 1217 783 patriam
1229 715 1331 764 suam

268 799 424 889 transiit,
436 813 474 872 et
484 799 523 871 in
532 797 1078 899 synagogiseorumeosdocuit,
1089 800 1137 874 ita
1148 816 1191 876 ut
1201 827 1340 880 ornnes¹

266 917 523 1014 mirarentur(
547 914 578 1014 ).

316 1032 385 1106 1x.
412 1034 572 1133 Rogatus
595 1057 616 1103 a
638 1029 837 1129 phariseo,
864 1031 1026 1107 Salvator
1052 1033 1093 1107 in
1116 1033 1228 1110 domo
1253 1041 1331 1137 ejus

267 1148 474 1224 manducat.
499 1146 633 1222 Mulier
655 1172 761 1239 vcro,
788 1173 870 1249 quoe
892 1151 1074 1249 peccatrix
1098 1151 1237 1244 fuerat,
1256 1156 1331 1229 dis-

268 1263 472 1340 cumbentis
494 1247 642 1339 Domini
662 1262 769 1363 pedes
793 1263 960 1366 lacrymis
982 1267 1097 1366 rigat,
1116 1269 1252 1369 capillis
1269 1298 1331 1345 oa-

72 1376 76 1385 ’
229 1419 233 1425 ·
266 1384 353 1484 pitis
381 1382 436 1456 sui
463 1383 566 1457 tersit
593 1399 631 1456 et
658 1397 847 1484 unguento
872 1383 990 1458 unxit.
1020 1385 1173 1479 omnia,
1198 1386 1330 1486 quibus

268 1500 394 1573 illicite
416 1525 479 1572 usa
500 1500 602 1598 prius
622 1498 666 1572 ad
688 1514 875 1599 peccatum
896 1500 1032 1591 fuerat,
1051 1502 1127 1576 Deo
1146 1504 1330 1603 poenitens

266 1617 394 1694 devota
412 1616 595 1691 immolat⁰¹
607 1617 708 1711 Quot
723 1619 763 1690 iu
779 1644 815 1691 se
832 1616 958 1690 habuit
973 1617 1255 1713 oblectamenta,
1272 1632 1330 1698 tot

268 1731 314 1808 de
330 1758 366 1808 se
389 1733 529 1807 invenit
550 1731 768 1806 holocausta.
786 1732 885 1805 Falsa
902 1748 1045 1808 tumens
1058 1735 1196 1834 justitia
1211 1733 1329 1834 phari·

267 1875 358 1923 saeus
384 1875 518 1951 aegram
534 1846 767 1947 reprehendit
789 1847 835 1923 de
852 1849 1066 1950 egritudine
1092 1865 1128 1924 et
1149 1849 1330 1925 medicum

266 1964 311 2040 de
330 1964 590 2054 subventione,
608 1990 628 2036 a
650 1989 725 2066 quo
743 1963 901 2039 duorum
918 1964 1084 2065 parabola
1102 1965 1330 2066 redarguitur

265 2080 472 2157 debitorum
479 2108 491 2171 3
508 2081 731 2182 proprioque
746 2078 883 2179 judicio
899 2096 942 2153 ut
962 2079 1156 2156 freneticus
1176 2087 1330 2158 conrin-

266 2200 362 2273 citur
372 2252 384 2288 ,
405 2200 469 2299 qui
489 2197 617 2273 funem
640 2214 763 2298 portat
785 2225 828 2272 ex
847 2224 922 2299 quo
942 2198 1087 2299 ligetur.
1118 2200 1329 2274 Peccstricia

266 2312 362 2389 bona
379 2315 593 2414 poenitentis
609 2328 885 2404 enumerantur,
905 2328 942 2387 et
953 2303 1044 2386 mala
1061 2314 1137 2389 falsi
1148 2315 1236 2413 justi
1250 2341 1330 2390 cor

265 2433 438 2535 rigantur
454 2459 474 2506 a
489 2431 634 2524 ludice,
652 2434 752 2532 cujus
773 2430 886 2506 oculis
908 2432 1035 2506 intima
1056 2457 1211 2533 quaeque
1232 2432 1327 2506 nuda

180 2609 183 2615 .
265 2550 489 2650 panduntur.
517 2549 806 2655 Tandem'lesus
829 2549 954 2623 Mariae
990 2565 1131 2648 peccata
1162 2549 1325 2639 remisit,

266 2668 440 2769 quoniam
457 2668 534 2768 ipso
559 2682 648 2741 teste
670 2667 829 2741 multum
850 2665 991 2739 dilexit.
1018 2665 1153 2756 Feles,
1181 2665 1325 2766 inquit,

117 2883 120 2891 Ι
265 2800 331 2858 tuo
347 2800 381 2857 te
395 2781 637 2885 salvomfecr't
654 2811 664 2855 :
683 2784 780 2857 uude
796 2784 835 2855 in
845 2783 974 2884 pace(
997 2783 1028 2880 ).

313 2899 587 3000 Evangeliaante
609 2897 768 2974 Domino
792 2911 828 2970 et
849 2897 1032 2996 discipulis
1047 2900 1142 2997 ejus,
1158 2896 1327 2972 mulieres

266 3014 525 3117 sequebantur,
536 3033 574 3091 et
582 3015 626 3089 de
635 3015 706 3088 suis
715 3012 943 3089 &omatibus
953 3015 1003 3089 eis
1012 3012 1324 3115 obsequebantur:

264 3132 377 3207 Maria
393 3131 528 3205 scilicet
543 3129 771 3232 Magdalenc,
790 3144 827 3204 et
843 3131 981 3204 Joanna
1005 3154 1099 3204 uxor
1120 3129 1226 3202 Cuzae
1241 3155 1328 3228 pro·

200 3251 204 3260 ’
264 3250 441 3324 curatoris
461 3247 642 3336 Herodis,
667 3263 704 3322 et
729 3247 910 3336 Susanna,
930 3259 967 3320 et
985 3244 1064 3319 aliae
1087 3244 1214 3318 multae
1230 3243 1327 3319 divi-

48 3385 50 3390 ’
163 3463 165 3466 ¹
263 3368 363 3441 nitus
380 3367 574 3467 inspiratae.
595 3361 872 3439 consuetudinis
888 3361 1040 3464 judaicae
1055 3361 1147 3450 fuit,
1171 3387 1238 3447 nec
1253 3359 1327 3436 du-

265 3481 412 3558 cebatur
427 3484 466 3556 in
483 3482 644 3583 culpam,
662 3507 765 3556 more
780 3481 897 3582 gentis
908 3481 1061 3580 antiquo
1070 3533 1081 3571 ,
1101 3494 1144 3553 ut
1158 3479 1327 3556 mrulieres

262 3597 308 3674 dc
329 3599 526 3673 substantia
542 3625 602 3672 sua
622 3598 760 3672 rictrn'n
781 3614 888 3700 atque
904 3596 1072 3672 restitum
1087 3594 1326 3698 preceptori-

262 3712 331 3790 bus
345 3717 605 3789 ministrarent.
620 3716 715 3806 Hoc,
732 3715 817 3814 quia
835 3712 1040 3787 scandalum
1051 3712 1168 3788 lacere
1183 3725 1326 3811 poterat

263 3832 302 3905 in
323 3828 548 3922 nationibus,
566 3831 695 3905 Paulus
716 3857 752 3904 se
770 3830 934 3930 abjecisse
954 3845 1142 3905 memorat.
1166 3829 1325 3900 Sumnna

264 3947 522 4058 interpretatur
545 3948 663 4020 lilium
668 3981 686 4034 ,·
705 3948 862 4035 Joanna,
882 3947 1063 4020 Dominus
1077 3945 1203 4044 gratia
1220 3943 1321 4044 ejus,

298 4208 336 4276 (1)
349 4204 450 4261 Mattlr.
463 4221 524 4273 xus,
540 4202 645 4272 44-585.
654 4204 739 4260 blare.
755 4221 800 4272 vr,
818 4202 874 4259 1-6.
885 4234 917 4244 -
928 4204 967 4274 (2)
979 4203 1045 4258 Luc.
1059 4219 1113 4270 vn,
1129 4198 1224 4258 soso.
