2894 4958
536 332 653 400 ttssttlt
672 332 831 403 smnus.
1174 341 1215 402 28

124 559 125 562 Ἴ
153 458 276 535 tendo.
294 458 355 532 Sic
368 455 498 557 probat
514 475 628 532 arctas
639 457 905 535 ohservationes
918 483 1023 532 norae
1038 458 1124 560 legis
1137 486 1214 535 non

26 574 33 589 ’
154 602 228 651 esse
243 571 444 649 carnalibus
461 572 694 674 imponendas
706 573 871 649 nondum
886 573 1085 664 renovatis,
1100 568 1216 650 donec

153 693 270 791 palam
288 705 483 791 patesceret
499 693 686 768 renovatio
704 682 897 793 spiritualis
917 718 983 792 per
1004 695 1218 794 mysterium

154 807 347 882 dominicae
363 808 535 907 passionis
552 825 589 881 et
605 807 905 908 resurrectionis(
928 810 958 908 ).

203 927 391 1025 loquente
416 922 501 998 Jesu
529 923 573 996 ad
600 923 745 1013 turbas,
776 925 891 998 Jairus
920 921 1219 1026 archisynagogus

156 1049 323 1129 accessit,
352 1040 396 1114 ed
428 1039 535 1140 pedes
569 1044 643 1141 ejus
669 1042 853 1141 procidit,
885 1067 1039 1144 eumque
1068 1043 1220 1117 adorans

156 1156 273 1230 dixit:
299 1157 477 1250 Domine,
491 1157 583 1259 filia
598 1184 681 1232 mea
704 1158 813 1232 nwdo
841 1158 1016 1258 deficiente
1041 1176 1094 1234 cst
1120 1189 1129 1232 ε
1155 1161 1223 1235 sed

158 1275 261 1364 unzi,
281 1275 427 1376 impone
446 1300 597 1348 manum
616 1292 713 1348 tuam
730 1303 842 1378 super
856 1303 964 1366 eam,
976 1291 1012 1348 et
1026 1278 1133 1351 uiuet.
1151 1278 1223 1351 Be-

158 1393 291 1492 nignus
316 1389 437 1490 opifex
462 1393 640 1482 surrexit,
668 1406 813 1465 etcum
838 1388 901 1466 illo
923 1392 1092 1491 protinus
1117 1389 1220 1464 abiit.

159 1504 284 1579 Turba
295 1531 382 1580 vero
396 1506 511 1579 multa
527 1504 742 1607 sequebatur
755 1507 880 1600 illum,
894 1524 930 1582 et
943 1505 1233 1608 comprimebat„

158 1621 291 1695 Mulier
305 1637 425 1695 autem
441 1647 523 1721 quoe
539 1621 678 1695 fluxum
689 1625 869 1725 sanguinis
881 1622 1085 1723 patiebatur
1098 1646 1152 1696 xn
1164 1646 1226 1696 an·

160 1737 234 1827 nis,
248 1762 332 1838 quoe
344 1762 492 1811 omnem
502 1735 738 1832 substantiam
751 1766 851 1813 suam
863 1754 1070 1841 erogaverat
1080 1739 1227 1812 medicis

161 1850 311 1952 [quihus
326 1852 404 1927 salsi
420 1851 600 1954 theologi,
615 1878 678 1928 seu
689 1854 914 1955 philosophi,
931 1854 1124 1955 legumque
1135 1855 1227 1929 desi·

159 1983 320 2068 guantur
335 1969 550 2043 secularium
568 1968 773 2070 doctores],
791 1996 858 2044 nec
873 1969 919 2042 ab
935 1970 1013 2043 ullo
1028 1970 1149 2070 potuit
1165 1995 1227 2043 cu·

162 2087 257 2175 mi,
285 2086 579 2177 accersitione,
608 2103 645 2160 et
669 2088 788 2189 tetigit
817 2086 999 2160 fimbriam
1023 2086 1226 2161 vestimenti

161 2204 250 2300 ejus.
279 2200 427 2277 Dicebat
454 2203 554 2276 enim
579 2204 675 2278 intra
700 2231 737 2278 se
767 2203 849 2277 :Si
873 2206 1021 2302 congero
1035 2204 1229 2306 fimbriam

163 2320 367 2394 nocumenti
374 2322 454 2422 ejus
464 2337 619 2414 mnium,
628 2321 733 2398 solua
743 2348 816 2396 em.
827 2317 876 2394 At
884 2323 984 2396 Jesus
992 2322 1186 2396 conteiens
1193 2337 1230 2398 et

162 2437 288 2512 ridens
303 2462 401 2528 eam,
419 2437 536 2511 dixit:
556 2434 722 2540 Confido,
731 2438 846 2538 filia,·
853 2438 953 2538 fides
964 2455 1030 2512 tua
1042 2455 1076 2511 te
1088 2439 1228 2514 saluam

152 2557 264 2646 fecit.
293 2553 494 2631 Confestim
516 2554 601 2634 lons
624 2556 807 2656 sanguinis
827 2559 900 2655 ejus
924 2556 1075 2629 siccatus
1096 2569 1170 2647 est,
1194 2569 1231 2630 et

164 2670 257 2743 salva
272 2668 366 2743 facta
388 2686 441 2744 est
458 2671 527 2770 (2).
552 2670 690 2745 Deinde
709 2669 894 2765 Christus,
917 2697 1002 2745 cum
1024 2672 1063 2745 in
1081 2670 1233 2745 domum

103 2811 106 2817 ·
165 2787 341 2887 principis
350 2789 524 2877 venisset,
540 2801 577 2861 et
592 2787 758 2863 tibicines
774 2786 990 2888 turbamque
1002 2788 1232 2861 tumultuen-

167 2920 242 2977 tem
258 2905 419 2996 vidisset,
434 2905 528 2980 dixit
542 2936 552 2979 ε
567 2905 741 2980 Recedite
744 2937 761 2992 ,·
777 2931 849 2978 non
865 2921 919 2978 est
930 2903 1229 3005 monnapuella,

165 3020 235 3095 scd
247 3021 394 3094 dormit.
419 3022 471 3095 Et
495 3021 706 3098 deridebant
722 3047 819 3096 eum.
846 3021 969 3120 Ejecta
994 3017 1121 3109 turba,
1149 3044 1234 3097 con-

166 3134 297 3209 clavim
323 3137 501 3226 intravit,
531 3162 723 3237 secumque
748 3137 896 3209 Petrum
923 3151 960 3209 et
991 3131 1166 3209 Jacobum
1197 3147 1234 3207 et

165 3252 345 3327 loannem
374 3269 412 3328 et
438 3266 579 3353 patrem
607 3269 644 3328 et
670 3269 823 3328 matrem
845 3250 976 3351 puellae
1004 3250 1229 3339 introduxit,

204 3557 244 3628 (t)
261 3556 362 3611 Matth.
386 3574 424 3625 rx,
447 3560 544 3630 ¹l·¹7i
561 3556 648 3612 Marc.
668 3574 709 3624 11,
729 3555 906 3622 18-22;Luc.
921 3571 954 3622 v,
969 3548 1061 3628 3339
1082 3549 1170 3608 Notae
1183 3568 1234 3608 au·

170 3653 235 3699 teur
246 3660 282 3699 ne
296 3644 359 3700 a'est
370 3645 553 3719 precltement
563 3643 705 3700 conforme
713 3661 750 3697 au
763 3641 833 3698 tecit
844 3641 963 3696 d'aucnn
975 3638 1024 3697 dea
1034 3641 1104 3696 trois
1115 3641 1234 3714 evange·

169 3734 255 3789 fiam
266 3732 342 3790 hnc
354 3735 428 3791 nint
439 3735 581 3804 Mathieu,
594 3752 627 3800 ce
639 3744 702 3790 tent
713 3733 753 3790 les
765 3733 895 3808 disciplet
905 3733 1020 3790 delean
1030 3732 1081 3808 qui
1093 3731 1235 3789 adiuuat

171 3820 197 3876 la
210 3823 339 3899 question
352 3826 368 3878 h
379 3823 585 3892 senectute,
603 3823 671 3878 dans
683 3824 756 3878 saint
767 3823 860 3892 hlarc,
874 3822 914 3878 let
927 3821 1030 3878 memes
1045 3831 1074 3876 et
1084 3820 1124 3877 les
1136 3819 1233 3894 phari·

172 3909 261 3980 siens;
273 3910 342 3968 dam
354 3913 427 3968 saint
439 3913 510 3983 Luc,
525 3912 551 3968 la
563 3915 693 3987 pretence
702 3911 751 3969 des
759 3910 887 3986 disciplet
897 3911 1008 3968 delean
1020 3911 1090 3967 n'est
1098 3927 1147 3984 pas
1156 3926 1233 3966 meu·

206 4091 248 4160 (a)
265 4090 366 4146 Matth.
382 4110 422 4159 ir,
441 4089 540 4160 184²,
557 4091 641 4150 llere.
658 4110 693 4162 v,
709 4087 810 4157 naht,
822 4089 888 4145 Luc.
904 4106 969 4159 vtu,
984 4085 1076 4156 4148.
