2916 4958
194 441 253 498 278
469 434 654 497 ulslouls
676 434 982 498 noctuslasr-lcs.

194 558 226 628 ei
239 556 377 628 nocuit.
393 558 530 627 lterum
537 558 639 653 jussu
652 555 877 653 proconsulis
887 607 897 642 ,
909 559 1017 655 aper(
1024 557 1059 653 ι’)
1074 582 1093 628 a
1105 581 1185 631 xxx
1194 560 1264 632 mi-

193 671 317 745 litibus
335 672 525 760 adductus,
544 686 581 745 et
601 699 621 745 a
638 670 780 746 duobus
802 671 1034 747 venatoribus
1052 691 1107 748 est
1129 674 1265 776 impul·

193 818 272 878 sus,
300 789 361 863 sed
387 789 568 863 Andream
593 815 669 863 non
696 790 836 890 attigit,
863 806 1052 864 venatores
1077 807 1201 865 autem
1228 794 1264 866 in

194 905 307 978 frusta
318 905 525 1004 discerpsit3
539 902 686 978 demum
702 901 916 979 horribilem
931 907 1149 1006 grunnitum
1163 906 1263 996 dans,

195 1023 322 1098 cecidit
350 1039 388 1097 et
417 1023 606 1123 expiravit.
634 1021 750 1122 Igitur
778 1021 944 1096 laudante
970 1024 1172 1097 Dominum
1197 1050 1267 1124 po-

192 1140 300 1241 pulo,
321 1138 467 1240 angelus
479 1140 576 1212 visus
598 1154 651 1214 est
665 1138 885 1213 descendisse
901 1139 945 1213 de
969 1140 1085 1230 coelo,
1106 1155 1145 1216 et
1161 1167 1266 1216 suno

194 1275 273 1330 tum
296 1257 359 1330 Dei
383 1253 615 1331 confortabat
636 1256 674 1329 in
696 1252 825 1331 stadio.
851 1256 1016 1357 Denique
1037 1282 1154 1330 saevus
1175 1283 1265 1359 pro-

195 1373 342 1462 consul,
367 1372 509 1447 fervens
532 1372 602 1462 ira,
622 1371 885 1446 ferocissimum
904 1371 1117 1472 leopardum
1131 1373 1265 1476 dimini

194 1490 379 1589 praecepit.
402 1489 575 1562 Dimissus
593 1504 715 1562 autem
730 1489 934 1589 apostolum
952 1491 1124 1592 reliquit,
1148 1490 1193 1565 ad
1213 1517 1267 1566 se·

194 1605 276 1679 dem
294 1606 520 1705 proconsulis
542 1606 725 1695 ascendit,
744 1609 890 1708 ejusque
912 1607 1028 1681 lilium
1050 1609 1208 1709 arripuit
1227 1636 1269 1684 ac

195 1724 395 1798 suffocavit.
425 1724 562 1798 Verum
590 1725 701 1797 nimia
727 1724 983 1824 proconsulem
1007 1725 1144 1799 insania
1169 1725 1268 1801 obti-

195 1844 278 1914 nuit
286 1869 297 1930 ς
321 1840 419 1916 unde
444 1841 489 1916 de
513 1839 622 1917 rebus
648 1843 755 1944 gestis
777 1868 853 1917 non
878 1841 1016 1933 doluit,
1040 1869 1110 1918 nec
1133 1843 1267 1946 aliquid

196 1959 299 2032 dixit.
320 1960 427 2031 Tunc
443 1957 567 2033 beatus
585 1959 641 2031 vir
656 1960 834 2059 populum
849 1962 887 2033 in
900 1987 1024 2035 amore
1041 1961 1106 2034 llei
1122 1960 1268 2037 conlor·

196 2078 306 2166 tavit,
324 2074 425 2148 acad
442 2074 750 2151 corroborandam
771 2075 879 2152 fidem
893 2103 1019 2152 eornm
1028 2132 1040 2166 ,
1054 2075 1266 2152 defunctum

195 2194 423 2295 proconsulis
440 2194 556 2267 filium
576 2193 633 2292 (a)
651 2220 688 2268 se
704 2196 1001 2267 resuscitaturum
1022 2197 1216 2294 promisit,
1233 2209 1268 2270 et

196 2326 399 2412 prostratus
410 2327 518 2385 terrae
529 2309 729 2385 diutissime
742 2313 876 2402 oravit,
893 2311 1188 2414 apprehensaque
1200 2310 1268 2387 sul·

197 2429 308 2501 focati
337 2454 468 2514 manu,
499 2452 582 2501 eum
613 2428 828 2503 innomine
855 2430 1001 2503 Domini
1029 2431 1265 2522 resuscitavit.

199 2548 286 2619 llaec
301 2544 463 2619 videntes
478 2544 624 2645 populi,
640 2546 756 2620 Deum
768 2545 1110 2648 magnificaverunt,
1130 2563 1168 2622 et
1178 2547 1269 2622 Viri·

198 2691 290 2737 num
305 2663 579 2762 proconsulem,
596 2665 661 2764 qui
681 2664 887 2738 incredulus
906 2678 1032 2738 sancto
1047 2664 1115 2738 Dei
1130 2665 1269 2739 resiste·

199 2780 282 2872 bat,
309 2779 512 2853 interlicere
533 2779 749 2870 voluerunt,
770 2779 831 2854 sed
853 2779 898 2852 ab
922 2779 1087 2880 apostolo
1107 2780 1268 2879 permissi

199 2926 277 2974 non
305 2915 403 2972 sunt.
440 2896 641 2972 Proconsul
668 2913 787 2973 autem
819 2896 1013 2987 confusus,
1045 2923 1063 2968 a
1093 2898 1270 2996 praetorio

200 3015 371 3089 discessit.

251 3134 412 3227 Quadam
427 3133 580 3208 muliere
595 3134 807 3207 obsecrante
816 3186 826 3220 ,
842 3132 965 3206 beatus
979 3133 1140 3207 Andreas
1158 3159 1269 3207 acces·

203 3250 249 3322 sit
271 3249 315 3322 ad
340 3272 466 3350 agrum
489 3246 551 3321 ubi
579 3264 692 3322 totam
710 3249 894 3348 regionem
919 3249 1103 3323 devastans
1127 3274 1276 3351 serpens

202 3384 298 3456 erat,
319 3367 554 3468 longitudinis
574 3368 835 3468 quinquaginta
854 3365 1076 3441 cubitorum.
1095 3365 1272 3468 Apostolo

201 3503 320 3561 antem
339 3486 672 3587 appropinquante,
693 3480 794 3557 sibila
807 3507 936 3586 magna
950 3485 1090 3570 emisit3
1104 3483 1275 3557 nimium·

202 3630 274 3705 qne
284 3605 421 3678 territis
430 3602 671 3703 omnibusqui
684 3601 853 3691 aderant,
866 3619 990 3676 erecto
1002 3602 1118 3701 capite
1127 3599 1272 3676 obviam

239 3945 277 4013 (ι)
295 3942 369 3996 Dans
382 3940 407 3996 le
419 3941 483 3997 saux
494 3941 616 4009 Abdias,
631 3943 697 3997 c’est
710 3959 749 3995 uu
762 3953 886 3997 taureau.

238 4033 278 4103 (a)
296 4032 340 4086 Au
351 4029 407 4084 lieu
418 4029 453 4084 de
471 4048 515 4085 ces
529 4041 601 4086 mota
619 4055 625 4084 ι
640 4031 804 4104 des‘unctum
815 4032 989 4104 proconsulis
994 4032 1109 4105 filium,
1124 4046 1163 4084 on
1177 4039 1274 4084 nonve

205 4123 273 4177 dans
285 4121 311 4175 le
324 4121 475 4176 manuscrit
488 4120 523 4176 de
536 4109 745 4178 saint-Evmult
760 4146 766 4175 :
784 4120 947 4194 defunctam
962 4120 1138 4195 proconsulis
1142 4163 1151 4189 ,
1166 4119 1216 4194 qni
1230 4119 1274 4173 u'n

205 4230 254 4289 pas
264 4209 300 4268 dc
309 4227 381 4266 tem.
