2916 4958
512 405 630 468 LIBER
651 406 810 468 PRIMUS.
918 464 920 468 .
1141 411 1200 470 129

173 527 301 603 Zenon
327 525 431 598 annis
459 548 552 598 xvu.
579 522 721 624 Corpus
751 519 925 596 Barnabae
951 525 1133 623 apostoli,
1161 544 1199 598 et

127 641 352 742 evangelium
372 637 536 714 Matthaei
560 643 635 740 ejus
657 640 742 713 stilo
769 640 945 740 scriptum
956 695 968 731 ,
991 642 1071 738 ipso
1096 668 1200 717 reve-

127 760 224 834 laute
231 814 243 850 ,
270 759 466 858 reperitur.
486 757 672 846 Odoacer,
698 784 763 831 rex
787 756 1018 850 Gothorum,
1046 763 1202 835 Romam

128 874 316 963 obtinuit,
341 898 451 974 quam
468 899 512 946 ex
535 899 579 948 eo
603 888 767 972 tempore
788 871 925 947 diutius
948 900 1076 949 eorum
1100 903 1201 976 reges

128 1009 292 1068 tenuere.
366 1040 371 1049 ·
658 992 661 998 ’

177 1108 328 1182 Mortuo
341 1106 571 1182 Theoderico
585 1107 717 1180 Triarii
732 1107 831 1198 filio,
850 1109 940 1182 alius
956 1109 1205 1185 Theodoricus

130 1239 376 1329 cognomento
406 1225 574 1301 Valamer
607 1222 816 1299 Gothorum
846 1227 1004 1327 suscepit
1027 1255 1181 1329 regnum
1193 1257 1204 1317 ς

130 1344 192 1446 qui
223 1357 417 1443 utramque
444 1341 693 1416 Macedoniam
725 1341 1016 1446 Thessaliamque
1042 1345 1208 1446 depopu-

132 1461 224 1535 latus
242 1475 296 1534 est
305 1475 374 1552 ,et
387 1459 543 1560 plurima
561 1453 670 1560 regiae
688 1460 841 1534 civitatis
861 1461 939 1535 loca
958 1463 1042 1562 igne
1060 1489 1211 1536 succen-

132 1577 233 1666 dens,
247 1575 389 1648 ltaliam
398 1599 546 1677 quoque
556 1574 707 1648 infestus
718 1577 918 1675 occupavit.
931 1579 1134 1650 Hunericus
1146 1601 1212 1652 rex

133 1691 381 1769 Vandalorum
403 1691 599 1781 Arrianus,
628 1692 665 1764 in
685 1689 808 1765 Africa
835 1693 985 1765 exulatis
1009 1693 1213 1795 diffugatis-

133 1838 203 1914 que
219 1810 423 1911 plusquam
438 1832 619 1916 cccxxxrv
633 1808 810 1908 episcopis
827 1808 1032 1898 catholicis,
1049 1810 1212 1914 ecclesias

133 1953 262 2001 eorum
286 1925 413 1998 clausit
423 1978 435 2014 ,
458 1924 637 2025 variisque
654 1923 799 2024 plebem
817 1924 1001 2025 suppliciis
1018 1926 1156 2021 affecit3
1176 1942 1215 2000 et

134 2044 281 2147 quidem
293 2043 494 2117 innumeris
505 2068 633 2115 manus
642 2040 868 2132 abscindens,
879 2041 1021 2143 linguas
1029 2042 1211 2142 praecidit,

133 2188 200 2238 nec
213 2177 336 2236 tamen
347 2158 530 2262 loquelam
544 2157 732 2233 catholicae
743 2156 979 2233 confessionis
992 2160 1131 2260 eripere
1142 2186 1214 2259 po-

134 2279 409 2373 tuit.Brit0nes‚
421 2274 932 2366 duceAmhrosiOAureliano,
940 2279 1023 2350 viro
1031 2277 1210 2369 modesto,

134 2398 198 2500 qui
216 2383 323 2472 solus
336 2395 434 2470 forte
451 2420 612 2469 romanae
635 2394 752 2496 gentis
774 2395 960 2468 Saxonum
974 2394 1063 2468 caedi
1087 2423 1210 2496 super·

133 2515 270 2605 fuerat,
289 2515 415 2593 occisis
433 2514 472 2587 in
498 2510 621 2588 eadem
642 2512 855 2613 parentibus
871 2540 1033 2614 purpura
1054 2515 1211 2608 indutis,

134 2633 322 2708 victricem
351 2656 480 2706 eorum
515 2645 662 2731 gentem
695 2646 934 2730 provocantes
965 2631 1009 2705 ad
1040 2633 1210 2733 praelium

134 2751 306 2838 vincunt,
326 2766 422 2823 etex
444 2774 488 2823 eo
510 2763 675 2848 tempore
697 2775 798 2822 nunc
820 2747 857 2823 hi
869 2803 882 2840 ,
908 2774 1008 2823 nunc
1032 2750 1109 2840 illi,
1128 2751 1211 2851 pal-

136 2895 232 2943 mam
247 2864 427 2957 habuere,
451 2867 568 2941 donec
584 2866 720 2943 advena
739 2868 928 2967 potentior
952 2883 1027 2942 tota
1044 2894 1110 2968 per
1126 2868 1211 2942 lon-

136 3013 222 3089 gam
240 2985 424 3086 potiretur
442 2983 592 3082 insula(
617 2985 646 3082 ).

135 3281 232 3361 (457),
249 3281 318 3337 mais
333 3281 465 3356 jusqu’en
478 3286 540 3356 429.
556 3280 717 3350 Victorius,
737 3284 754 3336 h
771 3281 798 3338 la
814 3282 952 3338 demanda
971 3282 1120 3350 (l'Hilaise‚
1136 3281 1207 3339 alors

136 3372 320 3441 archidiacre,
339 3382 369 3427 et
387 3369 487 3445 depuis
500 3387 660 3426 successeur
676 3369 712 3426 de
729 3373 801 3426 saint
819 3372 909 3440 Leon,
925 3391 1011 3446 pape,
1026 3390 1155 3446 composa
1171 3391 1207 3429 en

137 3461 186 3538 457
200 3480 252 3518 son
264 3460 361 3518 Canon
373 3456 464 3534 pascal
473 3458 509 3514 de
517 3460 583 3534 cinq
593 3470 658 3515 cent
669 3459 850 3515 trente-deux
862 3478 922 3514 ans.

169 3552 209 3625 (a)
226 3551 352 3623 (Pecs-ier
365 3553 449 3625 674⁴)
466 3550 535 3605 avril
553 3551 630 3624 491).
646 3550 683 3604 La
703 3549 868 3604 decouverte
888 3549 927 3604 du
943 3549 1073 3604 tombeau
1086 3549 1121 3605 de
1134 3551 1207 3607 saint

135 3642 258 3699 Bamabt
272 3652 321 3697 ent
333 3641 390 3696 lieu
403 3657 464 3694 vers
476 3638 542 3707 488,
558 3657 611 3693 aux
623 3639 752 3694 environs
766 3637 801 3693 de
813 3638 960 3694 Salamine.
975 3638 1028 3692 Ces
1040 3649 1113 3694 mots
1125 3663 1131 3693 ε
1145 3641 1207 3714 ejus

136 3732 199 3786 stilo
217 3733 365 3802 scriptum,
387 3726 529 3801 signifient
548 3744 604 3801 que
622 3725 766 3799 l'evangile
787 3724 823 3779 de
843 3726 916 3779 saint
935 3723 1061 3778 Mathieu
1080 3726 1166 3798 qu'cn
1187 3747 1207 3799 y

137 3831 232 3877 uouva
244 3820 312 3876 etait
324 3819 404 3892 copie
419 3817 454 3873 de
470 3817 496 3872 la
511 3819 587 3873 main
607 3817 642 3872 de
656 3818 729 3872 caim
741 3816 876 3872 Barnahe.
891 3815 939 3872 On
953 3815 1046 3887 ajoute
1057 3816 1126 3890 qu’il
1139 3818 1208 3874 etait

137 3912 206 3968 ecrit
216 3928 265 3966 sur
276 3910 317 3965 dn
327 3910 389 3966 bois
401 3909 436 3964 de
449 3909 525 3984 thye.
537 3909 717 3982 L’empereur
729 3907 828 3964 Zenon
839 3906 981 3962 l’enrichit
993 3905 1063 3975 d'or,
1078 3917 1107 3963 et
1119 3907 1145 3962 le
1158 3907 1209 3964 de-

138 4019 203 4074 posa
218 4000 286 4056 dans
303 4001 329 4056 la
345 3999 469 4074 chapelle
485 4000 521 4056 de
534 4017 584 4056 son
600 3998 702 4073 palais,
722 3999 760 4053 ou
773 3996 829 4053 l’on
843 4015 878 4052 en
892 3996 981 4052 laisait
993 4016 1079 4071 usage
1093 4008 1156 4053 tous
1168 3997 1208 4056 les

139 4108 200 4159 aus,
214 4090 241 4146 le
253 4089 445 4157 leudi-saint,
460 4107 534 4163 pour
549 4087 575 4143 la
587 4088 694 4144 lecture
706 4088 744 4142 du
760 4098 831 4143 terte
848 4090 933 4143 sacre.
949 4086 1093 4154 odoacre,
1109 4087 1209 4144 maltis

140 4179 174 4235 de
184 4180 289 4249 liosne,
304 4199 332 4235 se
351 4180 381 4234 lit
396 4179 551 4253 proclamer
564 4181 605 4233 roi
623 4177 732 4235 (l'ltalie
751 4177 776 4232 le
793 4176 828 4233 23
844 4178 909 4235 aciat
923 4177 985 4254 676.
1000 4179 1160 4235 Theodoric
1176 4180 1209 4234 l‘·

214 4298 239 4341 1·
1039 4296 1064 4367 9
