2894 4958
570 421 687 486 LIBER
708 423 865 488 PRlMUS.
1193 433 1252 492 11³

183 542 334 623 Domini
359 542 494 642 posuit.
519 542 574 617 Ex
600 526 730 643 rogatu
751 542 836 617 filiae
863 570 937 621 suae
960 544 1048 624 lecit
1068 548 1253 623 ecclesiam

182 674 318 739 sanctas
344 656 499 759 martyri
523 657 637 758 Agna
657 659 730 758 (1),
758 658 864 733 beato
890 685 1036 762 quoquc
1059 664 1255 739 laurentio

183 776 341 879 martyri
359 775 415 848 via
432 772 626 849 Tiburtina
640 775 679 851 in
693 801 779 877 agro
792 772 950 853 Verano.
969 778 1060 852 Item
1071 777 1255 857 basilicam

183 897 243 973 via
256 896 428 969 Lavicana
444 893 539 967 inter
549 893 635 967 duas
648 892 786 983 lauros,
801 891 912 967 beatis
924 896 1145 997 martyribus
1154 900 1257 972 Mar-

184 1013 320 1091 collino
345 1026 381 1088 et
407 1012 516 1086 Petro
540 1011 649 1101 fecit,
681 1027 718 1087 et
742 1012 982 1103 mausoleum,
1011 1013 1074 1087 ubi
1103 1032 1256 1092 matrem

183 1157 289 1209 snam
303 1131 342 1204 in
354 1128 538 1230 sarcofago
553 1156 737 1228 purpureo
745 1130 804 1228 (a)
820 1131 953 1229 posuit.
973 1133 1015 1206 In
1030 1131 1172 1209 civitate
1190 1136 1259 1210 Os—

183 1249 237 1327 tia
249 1253 350 1348 juxta
364 1263 513 1346 portum
527 1244 628 1321 urbis
645 1247 793 1336 Romae,
808 1246 998 1323 beatorum
1010 1252 1259 1350 apostolorum

184 1365 283 1441 Petri
298 1379 335 1439 et
344 1363 442 1437 Pauli
456 1379 493 1437 et
502 1364 648 1439 Joanuis
661 1363 831 1463 Baptistae
843 1353 1025 1439 basilicam
1039 1370 1255 1442 construxit.

185 1484 232 1557 ln
248 1478 442 1555 Albanensi
462 1478 627 1568 civitate,
646 1481 760 1556 sancti
782 1481 933 1554 Joannis
950 1484 1140 1583 Baptistae,
1167 1504 1204 1560 et
1221 1489 1258 1561 in

186 1597 281 1675 urbe
293 1597 459 1696 Neapoli,
475 1595 562 1673 fecit
575 1597 750 1671 ecclesias.
766 1597 865 1673 ldcm
878 1600 1137 1675 Constantinus
1150 1599 1261 1700 [Dre-

185 1743 318 1817 panam
335 1713 518 1815 Bithyniae
539 1713 721 1787 civitatem
746 1715 785 1787 in
803 1712 980 1788 honorem
1001 1718 1147 1789 Luciani
1165 1745 1261 1792 mar-

186 1834 282 1935 tyris
309 1831 361 1908 ibi
383 1831 520 1905 conditi
544 1831 774 1919 instauravit,
803 1845 841 1905 et
865 1857 910 1904 ex
934 1830 1110 1906 vocabulo
1134 1836 1259 1908 matris
1291 1838 1302 1859 “’

187 1976 262 2025 snae
271 1933 542 2048 Helenopoliin]
557 1947 773 2024 nominavit.
789 1949 831 2022 ln
841 1936 992 2021 'Planasia
1002 1975 1088 2023 vero
1099 1951 1259 2024 nominis

187 2065 241 2138 sui
263 2067 394 2139 urbem
411 2065 556 2153 statuit,
576 2078 612 2137 et
630 2062 749 2140 sedem
768 2066 910 2139 romani
930 2065 1070 2165 imperii
1088 2082 1125 2140 et
1147 2068 1259 2143 totins

188 2199 296 2283 caput
313 2182 470 2256 Orientis
485 2205 558 2263 asse
570 2180 701 2258 voluit.
721 2183 811 2257 ltem
824 2182 949 2256 statuit
965 2183 1054 2256 citra
1072 2184 1183 2258 ullam
1195 2183 1260 2260 ho-

186 2299 331 2375 minum
347 2296 480 2373 caedem
495 2325 719 2400 paganorum
736 2298 868 2399 templa
882 2300 1025 2399 claudi(
1052 2302 1083 2400 ).

235 2415 491 2505 Constantius,
512 2431 596 2493 cuin
612 2417 854 2492 Constantino
869 2432 906 2491 et
923 2419 1119 2493 Constante
1134 2419 1254 2492 fratri-

188 2533 274 2627 bus,
300 2560 416 2611 annos
431 2558 522 2610 xx1v
540 2561 678 2611 menses
696 2560 720 2610 v
737 2534 811 2608 dies
827 2560 909 2608 xna.
934 2534 1103 2634 [lacobus
1125 2536 1256 2611 Nisibi-

189 2679 257 2725 nus
280 2653 467 2752 episcopus
484 2651 709 2754 agnoscitur,
734 2651 778 2723 ad
801 2655 901 2749 cujus
917 2678 1039 2748 preces
1059 2680 1153 2751 saepe
1169 2653 1259 2745 urbs,

220 2942 261 3012 (ι)
279 2939 373 2997 licet:
389 2935 504 3010 ΑΜ.

220 3030 261 3101 ta)
274 3028 317 3087 De
328 3026 479 3101 porphyra.

220 3116 261 3193 (ὅ)
278 3116 458 3184 Constantia,
472 3112 611 3187 proclama
622 3128 768 3185 empercnr
780 3112 796 3169 t
807 3109 895 3176 York,
908 3108 935 3166 le
947 3108 980 3165 a5
991 3108 1085 3181 juillet
1095 3106 1161 3178 506,
1174 3130 1255 3167 raou-

188 3221 236 3267 rut
247 3210 275 3267 le
288 3226 322 3265 aa
336 3209 390 3264 mai
403 3205 466 3282 337.
481 3205 600 3261 Maxime
611 3203 670 3276 prit
680 3201 707 3259 la
717 3218 840 3274 pourpre
852 3203 868 3257 a
879 3199 969 3256 Rome
979 3200 1005 3256 la
1018 3199 1051 3257 28
1064 3200 1177 3256 octobre
1190 3200 1251 3260 306.

187 3299 311 3356 licinius
324 3296 368 3351 lut
378 3295 429 3350 tait
442 3302 558 3367 auguste
569 3290 596 3346 le
610 3310 639 3346 ιι
654 3289 804 3346 novembre
814 3286 883 3364 307,
901 3290 918 3344 a
934 3288 1076 3345 Carnunte
1089 3309 1124 3345 en
1142 3289 1254 3346 Panno-

187 3389 248 3456 nia,
263 3405 312 3442 sur
326 3385 354 3443 le
374 3383 502 3452 Danuh,
521 3391 550 3437 et
562 3398 619 3435 non
635 3397 683 3453 pas
700 3381 716 3435 a
734 3378 867 3434 Chartres
880 3378 1084 3448 (Carnutum),
1098 3396 1206 3435 comme
1218 3379 1254 3434 l’a

187 3478 288 3537 avanae
300 3475 420 3536 zosime.
435 3473 589 3546 Ilepousa,
608 3489 643 3526 en
660 3467 728 3537 513,
745 3469 923 3534 Constantia,
939 3484 1013 3523 anana
1026 3467 1061 3524 de
1076 3469 1252 3527 Constantio.

189 3569 226 3627 le
237 3566 345 3624 concile
360 3565 396 3621 de
416 3565 500 3619 Nicon
512 3563 583 3618 dora
595 3561 694 3634 depuis
709 3560 735 3614 le
755 3577 787 3632 ¹9
795 3559 859 3630 juin
868 3557 998 3631 jusqu'au
1015 3556 1050 3613 25
1061 3559 1129 3614 aona
1139 3558 1200 3615 525.
1216 3562 1254 3617 La

189 3657 335 3715 fondation
352 3651 586 3726 d'Helenopolisa
604 3652 733 3724 Drepane
748 3666 784 3704 en
798 3648 927 3719 Bithynia
940 3658 982 3704 est
999 3646 1034 3703 de
1053 3646 1119 3724 527,
1139 3660 1168 3706 ct
1186 3650 1254 3707 celle

191 3744 225 3800 (le
241 3741 470 3815 Comtantinople
486 3740 526 3797 du
543 3739 579 3796 26
596 3738 744 3795 novembre
760 3734 822 3812 529.
841 3737 878 3791 l.e
893 3735 1022 3808 bapteme
1037 3734 1072 3790 de
1088 3737 1255 3794 Constantio

191 3844 240 3890 ent
249 3834 325 3902 lieu,
336 3852 393 3889 non
405 3835 478 3906 past
490 3831 595 3901 Rome,
606 3832 675 3887 mais
686 3847 739 3884 aux
751 3829 880 3884 environs
888 3827 924 3882 da
932 3826 1106 3896 Nicomedia,
1121 3829 1255 3902 quelques

193 3924 325 3979 semones
338 3930 418 3980 avant
429 3938 458 3975 aa
471 3930 554 3975 mort.
568 3920 608 3977 Ce
627 3919 723 3992 prinae
741 3915 858 3975 iataaoit
869 3915 909 3972 les
927 3915 1060 3971 sacrifices
1079 3915 1170 3988 plutot
1185 3917 1255 3990 qu’il

193 4029 229 4067 ne
241 4011 387 4080 lit-sermea
398 4009 438 4065 los
449 4009 574 4082 temples.
587 4009 644 4067 Son
656 4005 793 4081 principal
803 4005 888 4063 edita
901 4023 933 4059 ce
945 4004 1016 4076 sajet
1025 4015 1067 4060 est
1076 4003 1111 4060 de
1123 4002 1184 4061 325.
1200 4006 1254 4062 Sur

192 4098 232 4155 les
242 4099 341 4174 eglises
350 4099 438 4155 batiae
450 4117 499 4172 par
506 4098 686 4167 Convtmtin,
696 4113 779 4167 voyea
791 4094 817 4150 le
826 4093 967 4151 troisiene
975 4093 1084 4150 volume
1092 4093 1141 4148 das
1152 4094 1255 4149 Vetera

198 4192 362 4244 maranata
372 4188 408 4244 de
419 4188 568 4261 Ciampini.
667 4206 672 4217 ·
