<?xml version="1.0" encoding="UTF-8"?>
<!DOCTYPE html PUBLIC "-//W3C//DTD XHTML 1.0 Transitional//EN"
    "http://www.w3.org/TR/xhtml1/DTD/xhtml1-transitional.dtd">
<html xmlns="http://www.w3.org/1999/xhtml" xml:lang="en" lang="en">
 <head>
  <title>
</title>
<meta http-equiv="Content-Type" content="text/html;charset=utf-8" />
  <meta name='ocr-system' content='tesseract 3.04.00' />
  <meta name='ocr-capabilities' content='ocr_page ocr_carea ocr_par ocr_line ocrx_word'/>
</head>
<body>
  <div class='ocr_page' id='page_1' title='image "./ordericivitalis02deligoog/ordericivitalis02deligoog_0124.png"; bbox 0 0 2894 4958; ppageno 0'>
   <div class='ocr_carea' id='block_1_1' title="bbox 205 370 985 453">
    <p class='ocr_par' dir='ltr' id='par_1_1' title="bbox 205 370 985 453">
     <span class='ocr_line' id='line_1_1' title="bbox 205 370 985 453; baseline -0.001 -15"><span class='ocrx_word' id='word_1_1' title='bbox 205 382 264 438; x_wconf 84' lang='lat' dir='ltr'><strong>no</strong></span> <span class='ocrx_word' id='word_1_2' title='bbox 477 375 660 453; x_wconf 80' lang='lat' dir='ltr'><strong>nrsronn</strong></span> <span class='ocrx_word' id='word_1_3' title='bbox 680 370 985 438; x_wconf 78' lang='lat' dir='ltr'><strong>accumrasrrca.</strong></span> 
     </span>
    </p>
   </div>
   <div class='ocr_carea' id='block_1_2' title="bbox 107 493 1267 2462">
    <p class='ocr_par' dir='ltr' id='par_1_2' title="bbox 107 493 1267 1998">
     <span class='ocr_line' id='line_1_2' title="bbox 202 493 1265 595; baseline 0.007 -26"><span class='ocrx_word' id='word_1_4' title='bbox 202 497 301 570; x_wconf 90' lang='lat' dir='ltr'><strong>claro</strong></span> <span class='ocrx_word' id='word_1_5' title='bbox 321 497 385 570; x_wconf 86' lang='lat' dir='ltr'><strong>Dei</strong></span> <span class='ocrx_word' id='word_1_6' title='bbox 398 493 536 595; x_wconf 86' lang='lat' dir='ltr'><strong>judicio</strong></span> <span class='ocrx_word' id='word_1_7' title='bbox 552 495 699 568; x_wconf 86' lang='lat' dir='ltr'><strong>territus</strong></span> <span class='ocrx_word' id='word_1_8' title='bbox 716 520 840 594; x_wconf 88' lang='lat' dir='ltr'><strong>pacem</strong></span> <span class='ocrx_word' id='word_1_9' title='bbox 859 496 994 570; x_wconf 83' lang='lat' dir='ltr'><strong>nostris</strong></span> <span class='ocrx_word' id='word_1_10' title='bbox 1009 497 1179 573; x_wconf 82' lang='lat' dir='ltr'><strong>reddidit.</strong></span> <span class='ocrx_word' id='word_1_11' title='bbox 1197 497 1265 576; x_wconf 80' lang='lat' dir='ltr'><strong>Sed</strong></span> 
     </span>
     <span class='ocr_line' id='line_1_3' title="bbox 201 601 1267 714; baseline 0.001 -28"><span class='ocrx_word' id='word_1_12' title='bbox 201 611 251 686; x_wconf 92' lang='lat' dir='ltr'><strong>ob</strong></span> <span class='ocrx_word' id='word_1_13' title='bbox 266 601 437 686; x_wconf 84' lang='lat' dir='ltr'><strong>meritum</strong></span> <span class='ocrx_word' id='word_1_14' title='bbox 451 624 568 691; x_wconf 83' lang='lat' dir='ltr'><strong>tamen</strong></span> <span class='ocrx_word' id='word_1_15' title='bbox 588 608 644 682; x_wconf 82' lang='lat' dir='ltr'><strong>vel</strong></span> <span class='ocrx_word' id='word_1_16' title='bbox 659 611 819 708; x_wconf 86' lang='lat' dir='ltr'><strong>propriae</strong></span> <span class='ocrx_word' id='word_1_17' title='bbox 835 609 1017 701; x_wconf 87' lang='lat' dir='ltr'><strong>libidinis,</strong></span> <span class='ocrx_word' id='word_1_18' title='bbox 1035 612 1092 687; x_wconf 79' lang='lat' dir='ltr'><strong>vel</strong></span> <span class='ocrx_word' id='word_1_19' title='bbox 1104 630 1267 714; x_wconf 73' lang='lat' dir='ltr'><strong>patenae</strong></span> 
     </span>
     <span class='ocr_line' id='line_1_4' title="bbox 203 724 1266 830; baseline 0.005 -29"><span class='ocrx_word' id='word_1_20' title='bbox 203 727 455 816; x_wconf 78' lang='lat' dir='ltr'>theomachiae,</span> <span class='ocrx_word' id='word_1_21' title='bbox 474 728 687 815; x_wconf 84' lang='lat' dir='ltr'><strong>innumera,</strong></span> <span class='ocrx_word' id='word_1_22' title='bbox 710 724 872 800; x_wconf 86' lang='lat' dir='ltr'><strong>barbaris</strong></span> <span class='ocrx_word' id='word_1_23' title='bbox 889 729 1174 830; x_wconf 80' lang='lat' dir='ltr'><strong>assurgentibus,</strong></span> <span class='ocrx_word' id='word_1_24' title='bbox 1197 724 1266 806; x_wconf 85' lang='lat' dir='ltr'><strong>ro·-</strong></span> 
     </span>
     <span class='ocr_line' id='line_1_5' title="bbox 200 842 1267 946; baseline 0.006 -27"><span class='ocrx_word' id='word_1_25' title='bbox 200 847 297 919; x_wconf 89' lang='lat' dir='ltr'><strong>mani</strong></span> <span class='ocrx_word' id='word_1_26' title='bbox 326 845 426 946; x_wconf 87' lang='lat' dir='ltr'><strong>regni</strong></span> <span class='ocrx_word' id='word_1_27' title='bbox 454 842 670 916; x_wconf 86' lang='lat' dir='ltr'><strong>detrimenta</strong></span> <span class='ocrx_word' id='word_1_28' title='bbox 698 844 881 916; x_wconf 81' lang='lat' dir='ltr'><strong>sustinuit.</strong></span> <span class='ocrx_word' id='word_1_29' title='bbox 912 845 986 917; x_wconf 86' lang='lat' dir='ltr'><strong>Hac</strong></span> <span class='ocrx_word' id='word_1_30' title='bbox 1014 848 1267 945; x_wconf 80' lang='lat' dir='ltr'><strong>persecutione</strong></span> 
     </span>
     <span class='ocr_line' id='line_1_6' title="bbox 201 945 1264 1063; baseline 0.004 -29"><span class='ocrx_word' id='word_1_31' title='bbox 201 962 401 1063; x_wconf 79' lang='lat' dir='ltr'><strong>Cyprianus</strong></span> <span class='ocrx_word' id='word_1_32' title='bbox 413 945 714 1059; x_wconf 75' lang='lat' dir='ltr'><strong>Carthaginiensis</strong></span> <span class='ocrx_word' id='word_1_33' title='bbox 726 957 912 1060; x_wconf 89' lang='lat' dir='ltr'><strong>episcopus</strong></span> <span class='ocrx_word' id='word_1_34' title='bbox 920 1012 931 1050; x_wconf 88' lang='lat'><strong><em>,</em></strong></span> <span class='ocrx_word' id='word_1_35' title='bbox 946 964 1047 1060; x_wconf 81' lang='lat' dir='ltr'><strong>cujus</strong></span> <span class='ocrx_word' id='word_1_36' title='bbox 1059 960 1264 1038; x_wconf 86' lang='lat' dir='ltr'><strong>doctissima</strong></span> 
     </span>
     <span class='ocr_line' id='line_1_7' title="bbox 199 1076 1264 1178; baseline 0.004 -26"><span class='ocrx_word' id='word_1_37' title='bbox 199 1090 323 1152; x_wconf 82' lang='lat' dir='ltr'><strong>extant</strong></span> <span class='ocrx_word' id='word_1_38' title='bbox 344 1076 533 1177; x_wconf 87' lang='lat' dir='ltr'><strong>opuscula,</strong></span> <span class='ocrx_word' id='word_1_39' title='bbox 552 1076 729 1176; x_wconf 83' lang='lat' dir='ltr'><strong>martyrio</strong></span> <span class='ocrx_word' id='word_1_40' title='bbox 750 1091 960 1150; x_wconf 79' lang='lat' dir='ltr'><strong>coronatur.</strong></span> <span class='ocrx_word' id='word_1_41' title='bbox 987 1078 1097 1178; x_wconf 78' lang='lat' dir='ltr'><strong>Cujus</strong></span> <span class='ocrx_word' id='word_1_42' title='bbox 1117 1081 1205 1154; x_wconf 73' lang='lat' dir='ltr'><strong>site</strong></span> <span class='ocrx_word' id='word_1_43' title='bbox 1228 1097 1264 1156; x_wconf 85' lang='lat' dir='ltr'><strong>et</strong></span> 
     </span>
     <span class='ocr_line' id='line_1_8' title="bbox 198 1191 1265 1295; baseline 0.005 -28"><span class='ocrx_word' id='word_1_44' title='bbox 198 1194 370 1294; x_wconf 88' lang='lat' dir='ltr'><strong>passionis</strong></span> <span class='ocrx_word' id='word_1_45' title='bbox 385 1191 555 1265; x_wconf 81' lang='lat' dir='ltr'><strong>volumen</strong></span> <span class='ocrx_word' id='word_1_46' title='bbox 570 1193 751 1292; x_wconf 85' lang='lat' dir='ltr'><strong>egregium</strong></span> <span class='ocrx_word' id='word_1_47' title='bbox 765 1193 917 1266; x_wconf 88' lang='lat' dir='ltr'><strong>Pontius</strong></span> <span class='ocrx_word' id='word_1_48' title='bbox 929 1193 1099 1267; x_wconf 87' lang='lat' dir='ltr'><strong>diaeonus</strong></span> <span class='ocrx_word' id='word_1_49' title='bbox 1112 1198 1189 1295; x_wconf 82' lang='lat' dir='ltr'><strong>ejus</strong></span> <span class='ocrx_word' id='word_1_50' title='bbox 1203 1220 1265 1272; x_wconf 77' lang='lat' dir='ltr'><strong>rc·</strong></span> 
     </span>
     <span class='ocr_line' id='line_1_9' title="bbox 197 1298 1265 1413; baseline 0.003 -28"><span class='ocrx_word' id='word_1_51' title='bbox 197 1311 325 1413; x_wconf 89' lang='lat' dir='ltr'><strong>liquit,</strong></span> <span class='ocrx_word' id='word_1_52' title='bbox 342 1298 405 1410; x_wconf 73' lang='lat' dir='ltr'><strong>qui</strong></span> <span class='ocrx_word' id='word_1_53' title='bbox 420 1335 532 1409; x_wconf 88' lang='lat' dir='ltr'><strong>usque</strong></span> <span class='ocrx_word' id='word_1_54' title='bbox 545 1308 588 1380; x_wconf 91' lang='lat' dir='ltr'><strong>ad</strong></span> <span class='ocrx_word' id='word_1_55' title='bbox 600 1306 695 1382; x_wconf 89' lang='lat' dir='ltr'><strong>diem</strong></span> <span class='ocrx_word' id='word_1_56' title='bbox 713 1309 883 1408; x_wconf 78' lang='lat' dir='ltr'><strong>passionis</strong></span> <span class='ocrx_word' id='word_1_57' title='bbox 899 1312 974 1409; x_wconf 88' lang='lat' dir='ltr'><strong>ejus</strong></span> <span class='ocrx_word' id='word_1_58' title='bbox 989 1335 1074 1383; x_wconf 89' lang='lat' dir='ltr'><strong>cum</strong></span> <span class='ocrx_word' id='word_1_59' title='bbox 1091 1304 1169 1411; x_wconf 88' lang='lat' dir='ltr'><strong>ipso</strong></span> <span class='ocrx_word' id='word_1_60' title='bbox 1184 1315 1265 1387; x_wconf 58' lang='grc' dir='ltr'><strong>αἱ·</strong></span> 
     </span>
     <span class='ocr_line' id='line_1_10' title="bbox 197 1422 1263 1527; baseline 0.006 -26"><span class='ocrx_word' id='word_1_61' title='bbox 197 1429 288 1501; x_wconf 92' lang='lat' dir='ltr'><strong>lium</strong></span> <span class='ocrx_word' id='word_1_62' title='bbox 322 1428 503 1500; x_wconf 86' lang='lat' dir='ltr'><strong>sustinuit.</strong></span> <span class='ocrx_word' id='word_1_63' title='bbox 540 1425 752 1500; x_wconf 85' lang='lat' dir='ltr'><strong>Theodorus</strong></span> <span class='ocrx_word' id='word_1_64' title='bbox 787 1425 982 1527; x_wconf 81' lang='lat' dir='ltr'><strong>Gregorius</strong></span> <span class='ocrx_word' id='word_1_65' title='bbox 1020 1422 1263 1506; x_wconf 63' lang='lat' dir='ltr'><strong>remise</strong></span> 
     </span>
     <span class='ocr_line' id='line_1_11' title="bbox 197 1544 1263 1648; baseline 0.002 -29"><span class='ocrx_word' id='word_1_66' title='bbox 197 1546 304 1619; x_wconf 88' lang='lat' dir='ltr'><strong>Ponti</strong></span> <span class='ocrx_word' id='word_1_67' title='bbox 319 1545 504 1645; x_wconf 71' lang='lat' dir='ltr'><strong>episcopus</strong></span> <span class='ocrx_word' id='word_1_68' title='bbox 520 1570 647 1645; x_wconf 82' lang='lat' dir='ltr'><strong>magna</strong></span> <span class='ocrx_word' id='word_1_69' title='bbox 664 1545 842 1617; x_wconf 80' lang='lat' dir='ltr'><strong>virtutum</strong></span> <span class='ocrx_word' id='word_1_70' title='bbox 860 1544 972 1645; x_wconf 84' lang='lat' dir='ltr'><strong>gloria</strong></span> <span class='ocrx_word' id='word_1_71' title='bbox 993 1545 1121 1634; x_wconf 85' lang='lat' dir='ltr'><strong>claret;</strong></span> <span class='ocrx_word' id='word_1_72' title='bbox 1142 1572 1164 1621; x_wconf 91' lang='lat' dir='ltr'><strong>e</strong></span> <span class='ocrx_word' id='word_1_73' title='bbox 1181 1549 1263 1648; x_wconf 86' lang='lat' dir='ltr'><strong>qui-</strong></span> 
     </span>
     <span class='ocr_line' id='line_1_12' title="bbox 107 1661 1260 1765; baseline 0.009 -34"><span class='ocrx_word' id='word_1_74' title='bbox 107 1726 108 1731; x_wconf 65' lang='lat'>,</span> <span class='ocrx_word' id='word_1_75' title='bbox 196 1663 263 1736; x_wconf 88' lang='lat' dir='ltr'><strong>bus</strong></span> <span class='ocrx_word' id='word_1_76' title='bbox 281 1677 484 1752; x_wconf 73' lang='lat' dir='ltr'><strong>unumst,</strong></span> <span class='ocrx_word' id='word_1_77' title='bbox 504 1663 603 1765; x_wconf 91' lang='lat' dir='ltr'><strong>quod</strong></span> <span class='ocrx_word' id='word_1_78' title='bbox 619 1676 662 1735; x_wconf 88' lang='lat' dir='ltr'><strong>ut</strong></span> <span class='ocrx_word' id='word_1_79' title='bbox 680 1662 836 1736; x_wconf 82' lang='lat' dir='ltr'><strong>ecelesiae</strong></span> <span class='ocrx_word' id='word_1_80' title='bbox 854 1661 1027 1737; x_wconf 85' lang='lat' dir='ltr'><strong>faciendae</strong></span> <span class='ocrx_word' id='word_1_81' title='bbox 1046 1663 1146 1737; x_wconf 85' lang='lat' dir='ltr'><strong>locus</strong></span> <span class='ocrx_word' id='word_1_82' title='bbox 1167 1665 1260 1741; x_wconf 81' lang='lat' dir='ltr'><strong>suffi-</strong></span> 
     </span>
     <span class='ocr_line' id='line_1_13' title="bbox 196 1777 1260 1878; baseline 0.001 -25"><span class='ocrx_word' id='word_1_83' title='bbox 196 1796 311 1869; x_wconf 86' lang='lat' dir='ltr'><strong>ceret,</strong></span> <span class='ocrx_word' id='word_1_84' title='bbox 333 1795 497 1854; x_wconf 89' lang='lat' dir='ltr'><strong>montem</strong></span> <span class='ocrx_word' id='word_1_85' title='bbox 521 1777 686 1878; x_wconf 90' lang='lat' dir='ltr'><strong>precibus</strong></span> <span class='ocrx_word' id='word_1_86' title='bbox 706 1779 834 1851; x_wconf 79' lang='lat' dir='ltr'><strong>movit.</strong></span> <span class='ocrx_word' id='word_1_87' title='bbox 855 1778 1055 1878; x_wconf 79' lang='lat' dir='ltr'><strong>Stephanus</strong></span> <span class='ocrx_word' id='word_1_88' title='bbox 1077 1795 1115 1854; x_wconf 90' lang='lat' dir='ltr'><strong>et</strong></span> <span class='ocrx_word' id='word_1_89' title='bbox 1132 1781 1260 1856; x_wconf 79' lang='lat' dir='ltr'><strong>Sextus</strong></span> 
     </span>
     <span class='ocr_line' id='line_1_14' title="bbox 194 1897 970 1998; baseline -0.001 -28"><span class='ocrx_word' id='word_1_90' title='bbox 194 1899 321 1972; x_wconf 80' lang='lat' dir='ltr'><strong>Romae</strong></span> <span class='ocrx_word' id='word_1_91' title='bbox 334 1897 491 1996; x_wconf 84' lang='lat' dir='ltr'><strong>episcopi</strong></span> <span class='ocrx_word' id='word_1_92' title='bbox 504 1897 681 1998; x_wconf 84' lang='lat' dir='ltr'><strong>martyrio</strong></span> <span class='ocrx_word' id='word_1_93' title='bbox 697 1897 786 1996; x_wconf 92' lang='lat' dir='ltr'><strong>passi</strong></span> <span class='ocrx_word' id='word_1_94' title='bbox 804 1898 917 1996; x_wconf 87' lang='lat' dir='ltr'><strong>sunt(</strong></span> <span class='ocrx_word' id='word_1_95' title='bbox 942 1899 970 1997; x_wconf 89' lang='lat'><strong>).</strong></span> 
     </span>
    </p>

    <p class='ocr_par' dir='ltr' id='par_1_3' title="bbox 193 2011 1260 2462">
     <span class='ocr_line' id='line_1_15' title="bbox 242 2011 1260 2115; baseline 0 -28"><span class='ocrx_word' id='word_1_96' title='bbox 242 2014 409 2087; x_wconf 86' lang='lat' dir='ltr'><strong>Claudius</strong></span> <span class='ocrx_word' id='word_1_97' title='bbox 425 2034 522 2086; x_wconf 90' lang='lat' dir='ltr'><strong>anno</strong></span> <span class='ocrx_word' id='word_1_98' title='bbox 540 2026 568 2085; x_wconf 82' lang='grc' dir='ltr'><strong>ιο</strong></span> <span class='ocrx_word' id='word_1_99' title='bbox 584 2011 767 2086; x_wconf 88' lang='lat' dir='ltr'><strong>mensibus</strong></span> <span class='ocrx_word' id='word_1_100' title='bbox 788 2037 841 2086; x_wconf 84' lang='lat' dir='ltr'><strong>rx.</strong></span> <span class='ocrx_word' id='word_1_101' title='bbox 864 2013 933 2086; x_wconf 89' lang='lat' dir='ltr'><strong>lste</strong></span> <span class='ocrx_word' id='word_1_102' title='bbox 951 2012 1090 2087; x_wconf 85' lang='lat' dir='ltr'><strong>Gothos</strong></span> <span class='ocrx_word' id='word_1_103' title='bbox 1101 2017 1179 2114; x_wconf 84' lang='lat' dir='ltr'><strong>jam</strong></span> <span class='ocrx_word' id='word_1_104' title='bbox 1194 2034 1260 2115; x_wconf 84' lang='lat' dir='ltr'><strong>per</strong></span> 
     </span>
     <span class='ocr_line' id='line_1_16' title="bbox 193 2128 1260 2232; baseline 0 -27"><span class='ocrx_word' id='word_1_105' title='bbox 193 2157 307 2205; x_wconf 89' lang='lat' dir='ltr'><strong>annos</strong></span> <span class='ocrx_word' id='word_1_106' title='bbox 329 2154 378 2203; x_wconf 82' lang='lat' dir='ltr'><strong>xv</strong></span> <span class='ocrx_word' id='word_1_107' title='bbox 399 2129 582 2227; x_wconf 79' lang='lat' dir='ltr'><strong>illyricum</strong></span> <span class='ocrx_word' id='word_1_108' title='bbox 608 2128 925 2231; x_wconf 79' lang='lat' dir='ltr'><strong>Macedoniamque</strong></span> <span class='ocrx_word' id='word_1_109' title='bbox 950 2144 1127 2205; x_wconf 73' lang='lat' dir='ltr'><strong>vastantes</strong></span> <span class='ocrx_word' id='word_1_110' title='bbox 1149 2154 1260 2232; x_wconf 66' lang='lat' dir='ltr'><strong>seraped</strong></span> 
     </span>
     <span class='ocr_line' id='line_1_17' title="bbox 194 2246 1259 2349; baseline 0 -28"><span class='ocrx_word' id='word_1_111' title='bbox 194 2264 270 2338; x_wconf 87' lang='lat' dir='ltr'><strong>rat;</strong></span> <span class='ocrx_word' id='word_1_112' title='bbox 288 2247 355 2347; x_wconf 90' lang='lat' dir='ltr'><strong>[ob</strong></span> <span class='ocrx_word' id='word_1_113' title='bbox 372 2272 454 2348; x_wconf 85' lang='lat' dir='ltr'><strong>quae</strong></span> <span class='ocrx_word' id='word_1_114' title='bbox 471 2247 509 2320; x_wconf 93' lang='lat' dir='ltr'><strong>in</strong></span> <span class='ocrx_word' id='word_1_115' title='bbox 527 2247 634 2319; x_wconf 87' lang='lat' dir='ltr'><strong>Curia</strong></span> <span class='ocrx_word' id='word_1_116' title='bbox 653 2246 799 2348; x_wconf 85' lang='lat' dir='ltr'><strong>clypeus</strong></span> <span class='ocrx_word' id='word_1_117' title='bbox 816 2272 963 2340; x_wconf 79' lang='lat' dir='ltr'><strong>aureus,</strong></span> <span class='ocrx_word' id='word_1_118' title='bbox 978 2248 1065 2321; x_wconf 88' lang='lat' dir='ltr'><strong>etin</strong></span> <span class='ocrx_word' id='word_1_119' title='bbox 1078 2248 1259 2349; x_wconf 77' lang='lat' dir='ltr'><strong>Capitolio</strong></span> 
     </span>
     <span class='ocr_line' id='line_1_18' title="bbox 193 2362 1258 2462; baseline 0.001 -23"><span class='ocrx_word' id='word_1_120' title='bbox 193 2380 308 2439; x_wconf 87' lang='lat' dir='ltr'><strong>statua</strong></span> <span class='ocrx_word' id='word_1_121' title='bbox 334 2365 363 2438; x_wconf 92' lang='lat' dir='ltr'><strong>ei</strong></span> <span class='ocrx_word' id='word_1_122' title='bbox 388 2390 493 2437; x_wconf 86' lang='lat' dir='ltr'><strong>aurea</strong></span> <span class='ocrx_word' id='word_1_123' title='bbox 512 2362 684 2439; x_wconf 84' lang='lat' dir='ltr'><strong>collocata</strong></span> <span class='ocrx_word' id='word_1_124' title='bbox 709 2365 797 2462; x_wconf 88' lang='lat' dir='ltr'><strong>est].</strong></span> <span class='ocrx_word' id='word_1_125' title='bbox 822 2365 986 2438; x_wconf 89' lang='lat' dir='ltr'><strong>Marcion</strong></span> <span class='ocrx_word' id='word_1_126' title='bbox 1006 2362 1258 2440; x_wconf 86' lang='lat' dir='ltr'><strong>disertissimus</strong></span> 
     </span>
    </p>
   </div>
   <div class='ocr_carea' id='block_1_3' title="bbox 190 2479 1286 3166">
    <p class='ocr_par' dir='ltr' id='par_1_4' title="bbox 190 2479 1286 3166">
     <span class='ocr_line' id='line_1_19' title="bbox 192 2479 1257 2583; baseline 0 -26"><span class='ocrx_word' id='word_1_127' title='bbox 192 2479 430 2557; x_wconf 71' lang='lat' dir='ltr'><strong>Antiochense</strong></span> <span class='ocrx_word' id='word_1_128' title='bbox 452 2479 641 2581; x_wconf 82' lang='lat' dir='ltr'><strong>presbyter</strong></span> <span class='ocrx_word' id='word_1_129' title='bbox 665 2480 839 2570; x_wconf 75' lang='lat' dir='ltr'><strong>ecclesiae,</strong></span> <span class='ocrx_word' id='word_1_130' title='bbox 868 2482 930 2583; x_wconf 90' lang='lat' dir='ltr'><strong>qui</strong></span> <span class='ocrx_word' id='word_1_131' title='bbox 956 2482 993 2554; x_wconf 93' lang='lat' dir='ltr'><strong>in</strong></span> <span class='ocrx_word' id='word_1_132' title='bbox 1019 2483 1141 2557; x_wconf 87' lang='lat' dir='ltr'><strong>eedem</strong></span> <span class='ocrx_word' id='word_1_133' title='bbox 1166 2481 1257 2557; x_wconf 86' lang='lat' dir='ltr'><strong>urbe</strong></span> 
     </span>
     <span class='ocr_line' id='line_1_20' title="bbox 191 2594 1257 2686; baseline 0.003 -16"><span class='ocrx_word' id='word_1_134' title='bbox 191 2595 410 2671; x_wconf 87' lang='lat' dir='ltr'><strong>rhetoricam</strong></span> <span class='ocrx_word' id='word_1_135' title='bbox 447 2594 643 2686; x_wconf 89' lang='lat' dir='ltr'><strong>docuerat,</strong></span> <span class='ocrx_word' id='word_1_136' title='bbox 679 2595 844 2670; x_wconf 85' lang='lat' dir='ltr'><strong>adversus</strong></span> <span class='ocrx_word' id='word_1_137' title='bbox 874 2595 1024 2670; x_wconf 87' lang='lat' dir='ltr'><strong>Paulum</strong></span> <span class='ocrx_word' id='word_1_138' title='bbox 1051 2595 1096 2672; x_wconf 88' lang='lat' dir='ltr'><strong>de</strong></span> <span class='ocrx_word' id='word_1_139' title='bbox 1127 2594 1257 2673; x_wconf 86' lang='lat' dir='ltr'><strong>Samo-</strong></span> 
     </span>
     <span class='ocr_line' id='line_1_21' title="bbox 191 2711 1257 2816; baseline 0 -28"><span class='ocrx_word' id='word_1_140' title='bbox 191 2732 286 2805; x_wconf 88' lang='lat' dir='ltr'><strong>sate,</strong></span> <span class='ocrx_word' id='word_1_141' title='bbox 315 2714 378 2816; x_wconf 87' lang='lat' dir='ltr'><strong>qui</strong></span> <span class='ocrx_word' id='word_1_142' title='bbox 402 2711 605 2787; x_wconf 81' lang='lat' dir='ltr'><strong>Antiochiae</strong></span> <span class='ocrx_word' id='word_1_143' title='bbox 632 2715 818 2815; x_wconf 89' lang='lat' dir='ltr'><strong>episcopus</strong></span> <span class='ocrx_word' id='word_1_144' title='bbox 845 2711 1104 2814; x_wconf 85' lang='lat' dir='ltr'><strong>dogmatizabat</strong></span> <span class='ocrx_word' id='word_1_145' title='bbox 1130 2714 1257 2788; x_wconf 86' lang='lat' dir='ltr'><strong>Chris-</strong></span> 
     </span>
     <span class='ocr_line' id='line_1_22' title="bbox 190 2830 1286 2934; baseline 0 -27"><span class='ocrx_word' id='word_1_146' title='bbox 190 2850 269 2907; x_wconf 87' lang='lat' dir='ltr'><strong>tum</strong></span> <span class='ocrx_word' id='word_1_147' title='bbox 296 2832 499 2906; x_wconf 90' lang='lat' dir='ltr'><strong>commuuis</strong></span> <span class='ocrx_word' id='word_1_148' title='bbox 522 2848 661 2906; x_wconf 86' lang='lat' dir='ltr'><strong>naturae</strong></span> <span class='ocrx_word' id='word_1_149' title='bbox 691 2831 875 2906; x_wconf 91' lang='lat' dir='ltr'><strong>hominem</strong></span> <span class='ocrx_word' id='word_1_150' title='bbox 906 2830 1014 2906; x_wconf 88' lang='lat' dir='ltr'><strong>luisse</strong></span> <span class='ocrx_word' id='word_1_151' title='bbox 1026 2886 1038 2922; x_wconf 88' lang='lat'><strong><em>,</em></strong></span> <span class='ocrx_word' id='word_1_152' title='bbox 1071 2833 1286 2934; x_wconf 61' lang='lat' dir='ltr'><strong>accipiem-</strong></span> 
     </span>
     <span class='ocr_line' id='line_1_23' title="bbox 190 2947 1275 3049; baseline 0.002 -25"><span class='ocrx_word' id='word_1_153' title='bbox 190 2950 287 3024; x_wconf 86' lang='lat' dir='ltr'><strong>tibus</strong></span> <span class='ocrx_word' id='word_1_154' title='bbox 316 2951 466 3024; x_wconf 87' lang='lat' dir='ltr'><strong>notariis</strong></span> <span class='ocrx_word' id='word_1_155' title='bbox 493 2948 705 3049; x_wconf 79' lang='lat' dir='ltr'><strong>disputavit3</strong></span> <span class='ocrx_word' id='word_1_156' title='bbox 735 2948 797 3047; x_wconf 91' lang='lat' dir='ltr'><strong>qui</strong></span> <span class='ocrx_word' id='word_1_157' title='bbox 823 2947 982 3049; x_wconf 86' lang='lat' dir='ltr'><strong>dialogus</strong></span> <span class='ocrx_word' id='word_1_158' title='bbox 1010 2975 1125 3049; x_wconf 91' lang='lat' dir='ltr'><strong>usque</strong></span> <span class='ocrx_word' id='word_1_159' title='bbox 1147 2947 1275 3026; x_wconf 81' lang='lat' dir='ltr'><strong>hodia·</strong></span> 
     </span>
     <span class='ocr_line' id='line_1_24' title="bbox 190 3067 369 3166; baseline -0.017 -24"><span class='ocrx_word' id='word_1_160' title='bbox 190 3067 314 3166; x_wconf 81' lang='lat' dir='ltr'><strong>extat(</strong></span> <span class='ocrx_word' id='word_1_161' title='bbox 339 3067 369 3166; x_wconf 87' lang='lat'>)</span> 
     </span>
    </p>
   </div>
   <div class='ocr_carea' id='block_1_4' title="bbox 183 3345 1254 4229">
    <p class='ocr_par' dir='ltr' id='par_1_5' title="bbox 183 3345 1254 3958">
     <span class='ocr_line' id='line_1_25' title="bbox 222 3345 1251 3422; baseline 0 -16"><span class='ocrx_word' id='word_1_162' title='bbox 222 3347 261 3422; x_wconf 85' lang='lat'><strong>(1)</strong></span> <span class='ocrx_word' id='word_1_163' title='bbox 273 3349 364 3420; x_wconf 79' lang='lat' dir='ltr'><strong>(Aodt</strong></span> <span class='ocrx_word' id='word_1_164' title='bbox 381 3345 484 3403; x_wconf 79' lang='lat'><strong>253-20</strong></span> <span class='ocrx_word' id='word_1_165' title='bbox 503 3364 576 3402; x_wconf 88' lang='lat' dir='ltr'><strong>mars</strong></span> <span class='ocrx_word' id='word_1_166' title='bbox 593 3346 670 3419; x_wconf 81' lang='lat'><em>268).</em></span> <span class='ocrx_word' id='word_1_167' title='bbox 685 3348 721 3403; x_wconf 84' lang='lat' dir='ltr'><strong>La</strong></span> <span class='ocrx_word' id='word_1_168' title='bbox 739 3348 868 3422; x_wconf 80' lang='lat' dir='ltr'><strong>eaptivite</strong></span> <span class='ocrx_word' id='word_1_169' title='bbox 882 3348 918 3403; x_wconf 85' lang='lat' dir='ltr'><strong>de</strong></span> <span class='ocrx_word' id='word_1_170' title='bbox 930 3349 1061 3406; x_wconf 74' lang='lat' dir='ltr'><strong>Valerien</strong></span> <span class='ocrx_word' id='word_1_171' title='bbox 1077 3358 1120 3405; x_wconf 84' lang='lat' dir='ltr'><strong>est</strong></span> <span class='ocrx_word' id='word_1_172' title='bbox 1132 3348 1169 3406; x_wconf 86' lang='lat' dir='ltr'><strong>de</strong></span> <span class='ocrx_word' id='word_1_173' title='bbox 1181 3349 1251 3421; x_wconf 73' lang='lat' dir='ltr'><strong>sos,</strong></span> 
     </span>
     <span class='ocr_line' id='line_1_26' title="bbox 188 3437 1254 3515; baseline 0.001 -19"><span class='ocrx_word' id='word_1_174' title='bbox 188 3440 278 3496; x_wconf 75' lang='lat' dir='ltr'><strong>tendis</strong></span> <span class='ocrx_word' id='word_1_175' title='bbox 296 3458 350 3515; x_wconf 92' lang='lat' dir='ltr'><strong>que</strong></span> <span class='ocrx_word' id='word_1_176' title='bbox 368 3438 394 3494; x_wconf 87' lang='lat' dir='ltr'><strong>la</strong></span> <span class='ocrx_word' id='word_1_177' title='bbox 413 3439 549 3494; x_wconf 75' lang='lat' dir='ltr'><strong>huitiema</strong></span> <span class='ocrx_word' id='word_1_178' title='bbox 567 3439 742 3513; x_wconf 75' lang='lat' dir='ltr'><strong>persecution</strong></span> <span class='ocrx_word' id='word_1_179' title='bbox 755 3440 826 3494; x_wconf 79' lang='lat' dir='ltr'><strong>avait</strong></span> <span class='ocrx_word' id='word_1_180' title='bbox 846 3441 1006 3494; x_wconf 75' lang='lat' dir='ltr'><strong>commence</strong></span> <span class='ocrx_word' id='word_1_181' title='bbox 1025 3438 1074 3494; x_wconf 75' lang='lat' dir='ltr'><strong>des</strong></span> <span class='ocrx_word' id='word_1_182' title='bbox 1091 3437 1154 3496; x_wconf 73' lang='lat'><strong>256.</strong></span> <span class='ocrx_word' id='word_1_183' title='bbox 1172 3440 1254 3498; x_wconf 76' lang='lat' dir='ltr'><strong>suat</strong></span> 
     </span>
     <span class='ocr_line' id='line_1_27' title="bbox 186 3526 1252 3604; baseline 0.001 -19"><span class='ocrx_word' id='word_1_184' title='bbox 186 3530 327 3602; x_wconf 84' lang='lat' dir='ltr'><strong>Cyprien‚</strong></span> <span class='ocrx_word' id='word_1_185' title='bbox 342 3528 445 3604; x_wconf 76' lang='lat' dir='ltr'><strong>eaeque</strong></span> <span class='ocrx_word' id='word_1_186' title='bbox 457 3526 492 3582; x_wconf 92' lang='lat' dir='ltr'><strong>de</strong></span> <span class='ocrx_word' id='word_1_187' title='bbox 505 3527 658 3602; x_wconf 79' lang='lat' dir='ltr'><strong>Carthago,</strong></span> <span class='ocrx_word' id='word_1_188' title='bbox 671 3527 716 3583; x_wconf 81' lang='lat' dir='ltr'><strong>sut</strong></span> <span class='ocrx_word' id='word_1_189' title='bbox 731 3528 856 3602; x_wconf 77' lang='lat' dir='ltr'><strong>decapite</strong></span> <span class='ocrx_word' id='word_1_190' title='bbox 868 3546 902 3584; x_wconf 91' lang='lat' dir='ltr'><strong>en</strong></span> <span class='ocrx_word' id='word_1_191' title='bbox 916 3528 1071 3602; x_wconf 84' lang='lat' dir='ltr'><strong>septembre</strong></span> <span class='ocrx_word' id='word_1_192' title='bbox 1089 3527 1157 3596; x_wconf 66' lang='lat'><strong>2583</strong></span> <span class='ocrx_word' id='word_1_193' title='bbox 1179 3531 1252 3586; x_wconf 85' lang='lat' dir='ltr'><strong>saint</strong></span> 
     </span>
     <span class='ocr_line' id='line_1_28' title="bbox 186 3606 1251 3693; baseline 0.004 -21"><span class='ocrx_word' id='word_1_194' title='bbox 186 3606 320 3685; x_wconf 71' lang='lat' dir='ltr'><strong>linense,</strong></span> <span class='ocrx_word' id='word_1_195' title='bbox 335 3635 417 3691; x_wconf 84' lang='lat' dir='ltr'><strong>pape.</strong></span> <span class='ocrx_word' id='word_1_196' title='bbox 430 3617 456 3673; x_wconf 88' lang='lat' dir='ltr'><strong>le</strong></span> <span class='ocrx_word' id='word_1_197' title='bbox 469 3634 485 3671; x_wconf 72' lang='grc' dir='ltr'>α</span> <span class='ocrx_word' id='word_1_198' title='bbox 498 3617 564 3673; x_wconf 80' lang='lat' dir='ltr'><strong>aoht</strong></span> <span class='ocrx_word' id='word_1_199' title='bbox 575 3616 640 3693; x_wconf 73' lang='lat'><strong>257,</strong></span> <span class='ocrx_word' id='word_1_200' title='bbox 652 3626 681 3672; x_wconf 88' lang='lat' dir='ltr'><strong>et</strong></span> <span class='ocrx_word' id='word_1_201' title='bbox 691 3618 762 3672; x_wconf 90' lang='lat' dir='ltr'><strong>saint</strong></span> <span class='ocrx_word' id='word_1_202' title='bbox 775 3618 865 3685; x_wconf 69' lang='lat' dir='ltr'><strong>Siste,</strong></span> <span class='ocrx_word' id='word_1_203' title='bbox 881 3634 930 3673; x_wconf 90' lang='lat' dir='ltr'><strong>son</strong></span> <span class='ocrx_word' id='word_1_204' title='bbox 944 3634 1109 3687; x_wconf 84' lang='lat' dir='ltr'><strong>successeur,</strong></span> <span class='ocrx_word' id='word_1_205' title='bbox 1122 3614 1251 3676; x_wconf 69' lang='lat' dir='ltr'><strong>ledaodt</strong></span> 
     </span>
     <span class='ocr_line' id='line_1_29' title="bbox 186 3704 1251 3782; baseline 0.004 -21"><span class='ocrx_word' id='word_1_206' title='bbox 186 3704 245 3763; x_wconf 72' lang='lat'><strong>258.</strong></span> <span class='ocrx_word' id='word_1_207' title='bbox 255 3706 329 3762; x_wconf 84' lang='lat' dir='ltr'><strong>C’est</strong></span> <span class='ocrx_word' id='word_1_208' title='bbox 339 3722 440 3761; x_wconf 86' lang='lat' dir='ltr'><strong>encore</strong></span> <span class='ocrx_word' id='word_1_209' title='bbox 450 3706 522 3761; x_wconf 86' lang='lat' dir='ltr'><strong>saint</strong></span> <span class='ocrx_word' id='word_1_210' title='bbox 531 3706 934 3782; x_wconf 74' lang='lat' dir='ltr'><strong>Gregoire·le·&#39;l&#39;baumaturge</strong></span> <span class='ocrx_word' id='word_1_211' title='bbox 946 3723 1001 3782; x_wconf 90' lang='lat' dir='ltr'><strong>que</strong></span> <span class='ocrx_word' id='word_1_212' title='bbox 1008 3717 1089 3764; x_wconf 80' lang='lat' dir='ltr'><strong>notre</strong></span> <span class='ocrx_word' id='word_1_213' title='bbox 1095 3706 1251 3765; x_wconf 79' lang='lat' dir='ltr'><strong>anteurdti-</strong></span> 
     </span>
     <span class='ocr_line' id='line_1_30' title="bbox 186 3794 1249 3871; baseline 0.003 -20"><span class='ocrx_word' id='word_1_214' title='bbox 186 3797 264 3871; x_wconf 83' lang='lat' dir='ltr'><strong>signe</strong></span> <span class='ocrx_word' id='word_1_215' title='bbox 277 3794 313 3850; x_wconf 89' lang='lat' dir='ltr'><strong>ici</strong></span> <span class='ocrx_word' id='word_1_216' title='bbox 327 3813 377 3868; x_wconf 89' lang='lat' dir='ltr'><strong>par</strong></span> <span class='ocrx_word' id='word_1_217' title='bbox 385 3794 425 3850; x_wconf 83' lang='lat' dir='ltr'><strong>les</strong></span> <span class='ocrx_word' id='word_1_218' title='bbox 438 3812 517 3850; x_wconf 88' lang='lat' dir='ltr'><strong>noms</strong></span> <span class='ocrx_word' id='word_1_219' title='bbox 530 3794 565 3851; x_wconf 89' lang='lat' dir='ltr'><strong>de</strong></span> <span class='ocrx_word' id='word_1_220' title='bbox 578 3796 727 3853; x_wconf 70' lang='lat' dir='ltr'><strong>Theodora</strong></span> <span class='ocrx_word' id='word_1_221' title='bbox 738 3796 889 3869; x_wconf 63' lang='lat' dir='ltr'><strong>negatae,</strong></span> <span class='ocrx_word' id='word_1_222' title='bbox 912 3797 980 3852; x_wconf 83' lang='lat' dir='ltr'><strong>ainsi</strong></span> <span class='ocrx_word' id='word_1_223' title='bbox 994 3814 1050 3871; x_wconf 87' lang='lat' dir='ltr'><strong>que</strong></span> <span class='ocrx_word' id='word_1_224' title='bbox 1062 3796 1133 3854; x_wconf 82' lang='lat' dir='ltr'><strong>nous</strong></span> <span class='ocrx_word' id='word_1_225' title='bbox 1145 3796 1249 3854; x_wconf 84' lang='lat' dir='ltr'><strong>l’arons</strong></span> 
     </span>
     <span class='ocr_line' id='line_1_31' title="bbox 183 3885 412 3958; baseline -0.013 -18"><span class='ocrx_word' id='word_1_226' title='bbox 183 3885 245 3958; x_wconf 74' lang='lat' dir='ltr'><strong>&lt;teja</strong></span> <span class='ocrx_word' id='word_1_227' title='bbox 258 3885 412 3958; x_wconf 70' lang='lat' dir='ltr'><strong>mutatque.</strong></span> 
     </span>
    </p>

    <p class='ocr_par' dir='ltr' id='par_1_6' title="bbox 184 3954 1248 4229">
     <span class='ocr_line' id='line_1_32' title="bbox 220 3954 1248 4050; baseline 0.005 -24"><span class='ocrx_word' id='word_1_228' title='bbox 220 3974 258 4044; x_wconf 80' lang='lat' dir='ltr'><strong>(a)</strong></span> <span class='ocrx_word' id='word_1_229' title='bbox 271 3972 361 4044; x_wconf 82' lang='lat' dir='ltr'><strong>(Mars</strong></span> <span class='ocrx_word' id='word_1_230' title='bbox 374 3954 496 4026; x_wconf 64' lang='lat' dir='ltr'><strong>ahhmai</strong></span> <span class='ocrx_word' id='word_1_231' title='bbox 510 3987 561 4047; x_wconf 82' lang='lat'><strong>270</strong></span> <span class='ocrx_word' id='word_1_232' title='bbox 570 3975 590 4041; x_wconf 89' lang='lat'><strong>).</strong></span> <span class='ocrx_word' id='word_1_233' title='bbox 604 3972 654 4027; x_wconf 86' lang='lat' dir='ltr'><strong>Les</strong></span> <span class='ocrx_word' id='word_1_234' title='bbox 666 3971 792 4027; x_wconf 79' lang='lat' dir='ltr'><strong>victoires</strong></span> <span class='ocrx_word' id='word_1_235' title='bbox 805 3989 852 4027; x_wconf 87' lang='lat' dir='ltr'><strong>sur</strong></span> <span class='ocrx_word' id='word_1_236' title='bbox 863 3972 902 4027; x_wconf 88' lang='lat' dir='ltr'><strong>les</strong></span> <span class='ocrx_word' id='word_1_237' title='bbox 914 3972 1007 4030; x_wconf 88' lang='lat' dir='ltr'><strong>Goths</strong></span> <span class='ocrx_word' id='word_1_238' title='bbox 1019 3982 1082 4028; x_wconf 86' lang='lat' dir='ltr'><strong>sont</strong></span> <span class='ocrx_word' id='word_1_239' title='bbox 1097 3972 1135 4028; x_wconf 83' lang='lat' dir='ltr'><strong>de</strong></span> <span class='ocrx_word' id='word_1_240' title='bbox 1152 3973 1208 4050; x_wconf 71' lang='lat'><strong>⁰⁶9</strong></span> <span class='ocrx_word' id='word_1_241' title='bbox 1218 3984 1248 4031; x_wconf 83' lang='lat' dir='ltr'><strong>ct</strong></span> 
     </span>
     <span class='ocr_line' id='line_1_33' title="bbox 185 4060 1247 4138; baseline 0.006 -23"><span class='ocrx_word' id='word_1_242' title='bbox 185 4080 246 4137; x_wconf 76' lang='lat' dir='ltr'><strong>apo.</strong></span> <span class='ocrx_word' id='word_1_243' title='bbox 261 4063 297 4117; x_wconf 83' lang='lat' dir='ltr'><strong>La</strong></span> <span class='ocrx_word' id='word_1_244' title='bbox 309 4072 398 4116; x_wconf 88' lang='lat' dir='ltr'><strong>statue</strong></span> <span class='ocrx_word' id='word_1_245' title='bbox 410 4061 503 4135; x_wconf 77' lang='lat' dir='ltr'><strong>e‘rigee</strong></span> <span class='ocrx_word' id='word_1_246' title='bbox 516 4064 531 4117; x_wconf 71' lang='lat' dir='ltr'><strong>a</strong></span> <span class='ocrx_word' id='word_1_247' title='bbox 542 4060 647 4117; x_wconf 88' lang='lat' dir='ltr'><strong>Claude</strong></span> <span class='ocrx_word' id='word_1_248' title='bbox 659 4060 726 4115; x_wconf 87' lang='lat' dir='ltr'><strong>dans</strong></span> <span class='ocrx_word' id='word_1_249' title='bbox 739 4060 765 4116; x_wconf 87' lang='lat' dir='ltr'><strong>le</strong></span> <span class='ocrx_word' id='word_1_250' title='bbox 777 4061 900 4136; x_wconf 85' lang='lat' dir='ltr'><strong>Capitole</strong></span> <span class='ocrx_word' id='word_1_251' title='bbox 914 4081 965 4138; x_wconf 82' lang='lat' dir='ltr'><strong>par</strong></span> <span class='ocrx_word' id='word_1_252' title='bbox 981 4061 1008 4118; x_wconf 85' lang='lat' dir='ltr'><strong>le</strong></span> <span class='ocrx_word' id='word_1_253' title='bbox 1024 4065 1102 4119; x_wconf 77' lang='lat' dir='ltr'><strong>senat</strong></span> <span class='ocrx_word' id='word_1_254' title='bbox 1113 4065 1186 4120; x_wconf 79' lang='lat' dir='ltr'><strong>avait</strong></span> <span class='ocrx_word' id='word_1_255' title='bbox 1199 4063 1247 4121; x_wconf 73' lang='lat' dir='ltr'><strong>«tis</strong></span> 
     </span>
     <span class='ocr_line' id='line_1_34' title="bbox 184 4151 1247 4229; baseline 0.003 -21"><span class='ocrx_word' id='word_1_256' title='bbox 184 4153 262 4227; x_wconf 90' lang='lat' dir='ltr'><strong>pieds</strong></span> <span class='ocrx_word' id='word_1_257' title='bbox 273 4152 307 4208; x_wconf 91' lang='lat' dir='ltr'><strong>de</strong></span> <span class='ocrx_word' id='word_1_258' title='bbox 320 4153 398 4208; x_wconf 88' lang='lat' dir='ltr'><strong>hant.</strong></span> <span class='ocrx_word' id='word_1_259' title='bbox 408 4153 444 4207; x_wconf 67' lang='lat' dir='ltr'><strong>la</strong></span> <span class='ocrx_word' id='word_1_260' title='bbox 454 4151 603 4209; x_wconf 76' lang='lat' dir='ltr'><strong>refutation</strong></span> <span class='ocrx_word' id='word_1_261' title='bbox 612 4151 660 4207; x_wconf 86' lang='lat' dir='ltr'><strong>des</strong></span> <span class='ocrx_word' id='word_1_262' title='bbox 668 4170 778 4208; x_wconf 68' lang='lat' dir='ltr'><strong>ensurs</strong></span> <span class='ocrx_word' id='word_1_263' title='bbox 791 4152 826 4207; x_wconf 89' lang='lat' dir='ltr'><strong>de</strong></span> <span class='ocrx_word' id='word_1_264' title='bbox 839 4153 907 4208; x_wconf 88' lang='lat' dir='ltr'><strong>Paul</strong></span> <span class='ocrx_word' id='word_1_265' title='bbox 919 4153 954 4209; x_wconf 88' lang='lat' dir='ltr'><strong>de</strong></span> <span class='ocrx_word' id='word_1_266' title='bbox 967 4153 1108 4211; x_wconf 76' lang='lat' dir='ltr'><strong>smosate</strong></span> <span class='ocrx_word' id='word_1_267' title='bbox 1118 4168 1170 4229; x_wconf 74' lang='lat' dir='ltr'><strong>ptr</strong></span> <span class='ocrx_word' id='word_1_268' title='bbox 1179 4154 1247 4211; x_wconf 78' lang='lat' dir='ltr'><strong>hitl-</strong></span> 
     </span>
    </p>
   </div>
   <div class='ocr_carea' id='block_1_5' title="bbox 0 0 1452 4958">
    <p class='ocr_par' dir='ltr' id='par_1_7' title="bbox 0 0 1452 4958">
     <span class='ocr_line' id='line_1_35' title="bbox 0 0 1452 4958; baseline 0 6"><span class='ocrx_word' id='word_1_269' title='bbox 0 0 1452 4958; x_wconf 95' lang='lat' dir='ltr'><strong> </strong></span> 
     </span>
    </p>
   </div>
  </div>
 </body>
</html>
