2894 4958
188 434 247 493 ιη
462 429 646 491 msroan
667 428 972 491 secamusrrca.
1021 405 1066 429 “’

185 548 322 623 sublata
335 548 480 622 fuerant
488 602 500 638 ,
519 575 671 648 corpora
684 548 837 647 recepit,
854 547 1083 648 propriisque
1095 548 1185 621 locis
1197 574 1247 622 re·

185 681 352 742 verenter
373 667 544 739 restitnit.
564 668 642 766 lpse
661 664 734 738 dux
758 667 965 766 Legonaum
987 689 1071 737 cum
1088 664 1248 765 procem-

186 783 254 857 bus
271 784 343 857 suis
360 784 538 884 perrexit,
557 783 769 885 glebamque
786 784 898 856 saneti
922 779 1101 855 Gualarici
1120 784 1158 855 in
1175 807 1249 856 mo·

186 902 343 975 nasterio
359 928 466 1000 super
482 902 641 976 Sominae
660 900 796 975 llnmen
812 900 882 974 sito
905 899 1055 990 locavit3
1079 915 1119 973 et
1135 901 1249 1000 ejectis

185 1016 416 1092 saecularibus
428 1020 623 1109 canonicis,
638 1018 816 1118 regulares
825 1016 1021 1093 monachos
1032 1015 1247 1118 subrogarit.

186 1132 271 1207 Non
288 1134 406 1207 multo
429 1150 532 1234 post,
559 1149 601 1207 ut
624 1133 761 1206 dictum
779 1150 852 1223 est,
871 1160 1024 1234 regnum
1043 1133 1193 1221 invasit,
1220 1147 1251 1206 et
1269 1188 1271 1194 .

187 1251 376 1350 progenies
394 1254 468 1349 ejus
480 1277 592 1351 usque
608 1252 648 1323 in
663 1248 881 1324 hodiernum
892 1249 988 1324 diem
1001 1251 1039 1322 in
1050 1276 1167 1351 regno
1178 1275 1252 1350 pcr-

188 1364 343 1438 duravit.
365 1362 528 1460 Quatuor
546 1367 644 1440 enim
668 1393 767 1467 reges
786 1366 832 1440 de
855 1367 966 1466 stirpe
982 1369 1058 1464 jam
1081 1390 1252 1466 regnave·

189 1498 279 1555 runt
302 1483 431 1582 ipsius,
464 1484 500 1556 id
525 1498 578 1558 est
600 1482 806 1559 Rodbertus
818 1537 829 1573 ,
854 1484 1049 1572 Henricus,
1068 1481 1252 1582 Philippus

190 1617 227 1673 et
240 1600 444 1675 Ludovieus
464 1603 532 1701 (ι).
552 1604 657 1702 Hugo
675 1629 739 1676 rex
762 1602 802 1674 in
821 1601 928 1677 initio
945 1601 1049 1702 regni
1073 1602 1130 1673 sui
1148 1624 1254 1701 syno-

189 1714 278 1790 dum
293 1719 415 1791 Remis
432 1718 682 1820 congregavit,
698 1732 735 1792 et
752 1719 939 1794 Sewinum
952 1716 1142 1791 Senonicae
1160 1711 1253 1788 urbis

189 1832 498 1934 archiepiscopum
514 1861 597 1909 cum
614 1835 844 1936 suffraganeis
860 1836 931 1907 suis
949 1833 1135 1922 invitavit,
1155 1846 1254 1932 atque

189 1952 366 2026 domnum
381 1954 578 2027 Arnulsum
596 1956 793 2030 Remorum
811 1951 1121 2051 archiepiscopum
1136 1949 1255 2050 degra-

190 2066 267 2140 dari
284 2067 383 2142 fecit.
405 2069 553 2144 Dicebat
569 2070 668 2142 enim
684 2096 727 2143 ex
743 2067 947 2144 concubina
962 2082 1114 2154 natum,
1132 2090 1257 2139 secun

192 2185 280 2259 dum
304 2213 482 2274 canones,
500 2215 575 2261 non
595 2187 726 2261 debere
742 2187 1054 2285 esseepiscopum.
1073 2182 1133 2258 Illi
1151 2182 1256 2256 nimi-

192 2330 275 2377 rum
296 2304 500 2394 invidebat,
523 2311 607 2406 quia
623 2305 668 2379 de
684 2306 792 2406 regali
811 2305 975 2404 prosapia
992 2302 1118 2376 Karoli
1135 2299 1255 2401 Magni

192 2434 287 2510 erat,
306 2421 419 2498 frater
440 2420 602 2496 Lotbarii
624 2423 735 2523 regis,
763 2421 884 2496 seder
908 2417 1110 2496 concubina
1134 2433 1254 2503 natum

193 2536 356 2612 moribus
385 2557 506 2615 tamen
537 2540 717 2642 inclytus,
748 2541 832 2640 quia
863 2538 983 2612 bonus
1012 2552 1088 2611 erat
1114 2550 1152 2609 et
1179 2557 1258 2607 mo-

193 2655 325 2730 destus.
345 2657 568 2732 Venerabilis
586 2674 706 2733 autem
727 2658 891 2733 sewinus
910 2656 990 2755 plus
1013 2656 1130 2728 Deum
1153 2675 1258 2752 quam

194 2772 384 2872 Hugonem
412 2776 569 2863 metuit,
606 2774 758 2874 ideoque
786 2775 824 2845 in
851 2774 982 2872 injusta
1010 2767 1259 2870 degradatione

195 2889 341 2963 Arnulfi
357 2918 434 2966 non
451 2893 632 2966 consensit
640 2922 651 2982 5
668 2891 728 2964 sed
739 2891 864 2991 magis,
881 2892 921 2963 in
935 2905 1112 2989 quantum
1124 2883 1257 2984 potuit,

198 3006 315 3104 ipsum
344 3036 445 3110 regm
474 3008 669 3110 redarguit.
696 3009 802 3082 Unde
826 3009 944 3109 regius
967 3006 1072 3080 furor
1095 3005 1133 3074 in
1159 2999 1261 3073 illum

196 3124 381 3215 efferbuit,
402 3141 437 3199 et
457 3125 501 3199 ad
520 3127 732 3226 explendam
743 3127 990 3206 ,temeritatem
1007 3147 1117 3223 quam
1133 3141 1260 3192 eonce-

197 3258 300 3341 perat
323 3244 430 3316 nimis
453 3244 596 3318 exarsit.
616 3241 687 3316 Alii
712 3270 800 3318 vero
822 3242 998 3343 episcopi,
1026 3239 1111 3312 licet
1132 3235 1263 3320 invilla

234 3539 272 3607 (ι)
291 3538 346 3592 Sur
356 3548 427 3592 cette
437 3539 524 3593 vision
541 3539 576 3594 dc
588 3539 704 3612 Hugues
714 3539 815 3611 Capet,
831 3548 859 3592 et
872 3555 919 3591 sur
932 3535 971 3588 les
981 3535 1159 3586 evenements
1171 3530 1221 3606 qni
1233 3547 1267 3586 en

198 3625 294 3679 furent
306 3624 332 3679 la
345 3627 429 3696 suite,
444 3647 525 3701 voyez
538 3628 578 3682 les
590 3629 664 3683 Acta
681 3628 734 3682 SS.
748 3626 810 3682 ord.
828 3627 859 3681 S.
877 3621 1034 3688 Benedicti,
1048 3639 1117 3675 soec.
1132 3639 1162 3690 ν,
1177 3640 1208 3696 p.
1219 3615 1268 3676 556

199 3722 228 3768 et
242 3714 310 3767 suiv.
322 3716 359 3769 Le
371 3732 436 3769 nom
450 3716 572 3789 primitis
584 3715 623 3771 du
636 3716 693 3771 lieu
707 3717 837 3770 consacre
850 3733 900 3788 par
909 3713 936 3766 la
949 3708 1093 3783 sepulture
1105 3709 1142 3766 de
1156 3730 1189 3767 ce
1204 3710 1271 3767 saint

200 3821 372 3877 personnage
380 3805 567 3877 (aujourd'hui
575 3802 968 3872 saint-Valeri-sur·Somme)
978 3799 1050 3853 n’est
1059 3803 1272 3881 pas‘Legonaus,

200 3896 270 3950 mais
290 3897 460 3952 leuconaiis.
474 3898 549 3952 C’est
565 3917 600 3952 en
617 3898 665 3972 981
689 3916 744 3971 que
764 3915 805 3952 ses
827 3897 946 3970 reliques
965 3911 983 3964 y
1004 3891 1107 3952 surent
1119 3902 1282 3978 rapport&

201 4005 252 4058 par
270 3986 384 4059 llugues
403 4005 438 4040 en
456 4006 606 4060 personne,
626 3989 705 4060 aprl’s
719 3988 787 4060 qu'il
805 4006 840 4041 en
858 3997 907 4041 eut
920 3984 998 4057 exige
1017 3983 1045 4041 la
1066 3994 1244 4058 restitutam}
1254 3996 1293 4058 du

203 4084 293 4128 comte
305 4074 339 4129 de
351 4075 484 4143 Flandre,
500 4096 535 4130 cn
552 4076 577 4131 lc
589 4086 734 4149 menagant
744 4075 840 4129 d'aller
852 4076 891 4130 les
908 4073 1078 4136 cherehera
1091 4081 1124 4143 la
1139 4089 1205 4154 tete
1218 4094 1303 4160 tl’une

203 4166 296 4219 armt'e
309 4166 351 4222 s'il
364 4184 398 4220 ne
414 4164 452 4221 les
466 4166 573 4221 rendait
586 4184 634 4238 pas
647 4164 682 4219 ‹le
695 4166 749 4221 bon
765 4167 821 4238 gre.
