2894 4958
571 398 690 461 LIBER
710 398 867 461 PRIMUS.
1232 401 1253 460 9

183 521 368 596 Christum
385 523 551 622 agnovit,
572 520 760 620 ipsumque
783 518 899 618 palam
919 516 1089 592 omnibus
1107 518 1170 618 qui
1194 543 1254 592 re-

183 638 430 738 demptionem
453 635 756 736 praestolahantur
780 636 993 725 Jerusalem,
1017 639 1092 734 jam
1117 635 1254 709 venisse

184 754 390 855 praecinuit.
414 754 582 827 Parentes
606 778 675 853 pro
701 778 744 827 eo
763 779 829 851 par
850 767 1057 842 turturum,
1080 767 1143 824 aut
1163 751 1253 825 duos

183 874 302 976 pullos
329 871 579 948 columbarum
597 871 835 960 obtuleruut;
864 871 995 972 quibus
1018 871 1175 945 ecclesiae
1194 871 1255 945 ni-

186 990 257 1063 tida
267 985 454 1062 castitas'et
470 987 600 1061 blanda
613 987 819 1087 simplicitas
832 986 1072 1088 praefiguratae
1086 987 1197 1084 sunt(
1221 986 1250 1084 ).

233 1110 326 1181 Ecce
339 1123 426 1181 nato
441 1105 479 1180 in
497 1091 603 1180 carne
615 1106 773 1179 Domino
786 1132 864 1179 non
875 1106 994 1179 solum
1011 1105 1127 1206 angeli
1141 1104 1254 1178 coelo-

184 1251 286 1312 rum,
314 1224 375 1298 sed
400 1238 438 1298 et
458 1224 577 1297 omnis
599 1239 683 1295 aetas
706 1223 915 1296 mortalium
937 1238 1114 1312 etsexus,
1134 1221 1253 1296 reddit

187 1341 445 1417 testimonium.
455 1339 568 1442 Virgo
576 1341 688 1414 Maria
701 1339 856 1439 Spiritus
866 1339 987 1413 Sancti
1000 1339 1255 1438 cooperatione

186 1458 373 1557 concepit,
391 1458 532 1557 peperit
555 1472 592 1531 et
607 1454 751 1530 lactarit
757 1485 769 1546 3
790 1458 894 1558 eique
917 1448 983 1557 per
998 1458 1120 1531 omnia
1142 1458 1253 1530 effica-

186 1575 278 1647 citer
301 1575 410 1674 ipsius
431 1598 501 1673 ope
520 1573 751 1646 ministravit.
771 1574 928 1647 Joannes
946 1575 985 1647 in
1008 1589 1113 1648 utero
1131 1575 1255 1646 matris

185 1691 385 1764 Dominum
402 1692 489 1765 laeto
503 1706 604 1791 gestu
623 1718 729 1763 suum
750 1692 935 1782 salutarit,
960 1706 996 1766 et
1014 1691 1148 1792 repleta
1171 1693 1256 1791 Spi-

185 1807 262 1879 ritu
278 1808 410 1881 Sancto
428 1806 636 1881 Helizabeth
653 1807 788 1908 triplici
804 1806 1004 1908 prophetiae
1017 1808 1127 1880 modo
1139 1807 1256 1881 eccle-
1324 1802 1327 1806 ⁴
1403 1816 1411 1829 '

186 1925 250 1997 siae
276 1923 320 1997 de
347 1924 477 1998 Messia
503 1940 540 1999 et
565 1927 639 2023 ejus
663 1924 839 2025 genitrice
864 1923 1105 2024 prophetavit.
1134 1923 1257 1997 Glori-

188 2039 386 2114 ficaverunt
414 2043 530 2144 angeli
560 2045 701 2132 Deum,
729 2067 798 2141 pro
825 2040 981 2115 humana
1009 2040 1257 2141 redemptione

187 2157 414 2231 incarnatum
428 2187 440 2246 ;
462 2159 525 2259 qui
546 2157 634 2230 dum
650 2184 718 2232 nos
735 2158 966 2258 conspiciunt
982 2158 1132 2247 redimi,
1152 2183 1257 2230 suum

187 2275 343 2376 gaudent
364 2302 556 2350 numerum
579 2276 725 2375 repleri.
752 2277 922 2376 Angelica
947 2277 1152 2350 visitatione
1172 2302 1258 2376 pas-

190 2407 285 2466 tores
309 2395 476 2465 instructi
501 2392 686 2467 Bethleem
711 2410 925 2484 accurrunt;
953 2420 1084 2493 panem
1107 2395 1254 2483 vivum,

188 2507 312 2608 quide
332 2509 428 2583 coelo
443 2508 626 2582 descendit
637 2564 648 2599 ,
672 2511 710 2582 in
732 2511 907 2615 praesepio
925 2523 1114 2610 quaerunt3
1134 2508 1258 2581 infan-

189 2640 281 2713 tem,
297 2627 361 2727 qui
375 2626 477 2699 coelis
490 2623 675 2725 praesidet,
690 2628 820 2726 pannis
832 2627 1038 2700 involutum
1051 2625 1254 2701 inveniunt.

188 2740 377 2814 Pastorum
394 2743 587 2842 praeconiis
606 2744 830 2817 audientium
844 2743 951 2817 corda
971 2743 1015 2817 de
1028 2743 1162 2816 Christi
1186 2768 1258 2817 no-

190 2854 268 2928 titia
284 2857 454 2955 gaudium
474 2872 511 2932 et
531 2857 807 2932 admirationem
827 2859 1051 2958 concipiunt.
1073 2857 1258 2931 Zacharias

189 2985 226 3043 et
243 2969 389 3045 Simeon
404 2973 493 3070 justi
508 2999 608 3046 senes
624 2973 809 3047 Christum
828 2973 1064 3077 confitentur,
1083 2972 1175 3048 etde
1193 2971 1259 3046 illo

188 3085 313 3159 futura
345 3089 610 3178 vaticinantur;
639 3091 771 3191 quibus
796 3092 835 3164 in
861 3089 994 3164 Christi
1021 3118 1143 3165 amore
1169 3116 1258 3163 anus

190 3199 292 3275 beata
321 3202 474 3278 fideliter
502 3205 607 3278 Anna
638 3208 846 3281 comitatur.
875 3208 985 3282 Bonis
1012 3210 1132 3308 itaque
1160 3207 1257 3280 felici

185 3320 410 3417 jocunditate
428 3321 712 3422 gratulantibus,
732 3323 910 3413 Herodes,
931 3324 1108 3396 inusitatis
1128 3348 1257 3397 rumo-

190 3434 291 3508 ribus
308 3436 455 3527 auditis,
482 3440 719 3513 contristatur
744 3442 893 3540 impius,
920 3457 957 3514 et
973 3439 1078 3540 jubet
1096 3465 1258 3515 omnesa

190 3550 331 3626 bimatu
347 3568 384 3627 et
398 3553 491 3626 inha
505 3556 543 3627 in
558 3555 742 3631 Bethleem
758 3557 908 3657 perimi,
921 3571 958 3629 et
975 3557 1014 3628 in
1032 3557 1171 3629 cunctis
1183 3560 1258 3657 ejus

191 3664 337 3741 finibus.
364 3670 555 3746 Translate
575 3673 659 3748 Jesu
680 3699 764 3746 cum
790 3673 924 3746 intacta
948 3688 1062 3748 matre
1088 3673 1259 3773 aJoseph

192 3782 231 3855 in
243 3785 634 3884 AEgyptum,Herodis
650 3788 744 3862 furia
760 3786 954 3863 crudeliter
971 3789 1102 3862 ellusus
1118 3803 1171 3862 est
1183 3815 1259 3861 san·

192 3901 269 3999 guis
286 3900 491 3991 infantum,
509 3918 545 3978 et
561 3906 676 4004 campi
694 3905 878 3982 Bethleem
894 3905 1110 3981 maduerunt
1130 3931 1258 3979 cruore

228 4161 267 4230 (ι)
284 4161 351 4217 Luc.
366 4181 404 4229 n,
420 4160 513 4230 24-38.

347 4434 368 4471 ἱ
