<?xml version="1.0" encoding="UTF-8"?>
<!DOCTYPE html PUBLIC "-//W3C//DTD XHTML 1.0 Transitional//EN"
    "http://www.w3.org/TR/xhtml1/DTD/xhtml1-transitional.dtd">
<html xmlns="http://www.w3.org/1999/xhtml" xml:lang="en" lang="en">
 <head>
  <title>
</title>
<meta http-equiv="Content-Type" content="text/html;charset=utf-8" />
  <meta name='ocr-system' content='tesseract 3.04.00' />
  <meta name='ocr-capabilities' content='ocr_page ocr_carea ocr_par ocr_line ocrx_word'/>
</head>
<body>
  <div class='ocr_page' id='page_1' title='image "./ordericivitalis02deligoog/ordericivitalis02deligoog_0053.png"; bbox 0 0 2894 4958; ppageno 0'>
   <div class='ocr_carea' id='block_1_1' title="bbox 561 342 1246 411">
    <p class='ocr_par' dir='ltr' id='par_1_1' title="bbox 561 342 1246 411">
     <span class='ocr_line' id='line_1_1' title="bbox 561 342 1246 411; baseline 0.009 -7"><span class='ocrx_word' id='word_1_1' title='bbox 561 342 679 406; x_wconf 79' lang='lat' dir='ltr'><strong>ttuun</strong></span> <span class='ocrx_word' id='word_1_2' title='bbox 700 343 857 406; x_wconf 79' lang='lat' dir='ltr'><strong>PRIMUS.</strong></span> <span class='ocrx_word' id='word_1_3' title='bbox 1205 350 1246 411; x_wconf 77' lang='grc'><strong>39</strong></span> 
     </span>
    </p>
   </div>
   <div class='ocr_carea' id='block_1_2' title="bbox 182 460 1251 1845">
    <p class='ocr_par' dir='ltr' id='par_1_2' title="bbox 182 460 1251 1845">
     <span class='ocr_line' id='line_1_2' title="bbox 184 460 1244 544; baseline 0.003 -5"><span class='ocrx_word' id='word_1_4' title='bbox 184 480 222 539; x_wconf 86' lang='lat' dir='ltr'><strong>et</strong></span> <span class='ocrx_word' id='word_1_5' title='bbox 237 463 368 539; x_wconf 87' lang='lat' dir='ltr'><strong>multas</strong></span> <span class='ocrx_word' id='word_1_6' title='bbox 385 460 507 536; x_wconf 84' lang='lat' dir='ltr'><strong>turbas</strong></span> <span class='ocrx_word' id='word_1_7' title='bbox 519 464 563 536; x_wconf 82' lang='lat' dir='ltr'><strong>ud</strong></span> <span class='ocrx_word' id='word_1_8' title='bbox 579 488 662 538; x_wconf 91' lang='lat' dir='ltr'><strong>eum</strong></span> <span class='ocrx_word' id='word_1_9' title='bbox 681 464 886 539; x_wconf 89' lang='lat' dir='ltr'><strong>accedentes</strong></span> <span class='ocrx_word' id='word_1_10' title='bbox 898 465 1036 540; x_wconf 87' lang='lat' dir='ltr'><strong>docuit.</strong></span> <span class='ocrx_word' id='word_1_11' title='bbox 1056 464 1109 539; x_wconf 92' lang='lat' dir='ltr'><strong>lbi</strong></span> <span class='ocrx_word' id='word_1_12' title='bbox 1124 485 1244 544; x_wconf 89' lang='lat' dir='ltr'><strong>mutos</strong></span> 
     </span>
     <span class='ocr_line' id='line_1_3' title="bbox 183 580 1245 683; baseline 0.005 -27"><span class='ocrx_word' id='word_1_13' title='bbox 183 598 221 656; x_wconf 94' lang='lat' dir='ltr'><strong>et</strong></span> <span class='ocrx_word' id='word_1_14' title='bbox 246 580 408 669; x_wconf 88' lang='lat' dir='ltr'><strong>claudos,</strong></span> <span class='ocrx_word' id='word_1_15' title='bbox 436 605 566 670; x_wconf 75' lang='lat' dir='ltr'><strong>caecos,</strong></span> <span class='ocrx_word' id='word_1_16' title='bbox 589 580 723 657; x_wconf 82' lang='lat' dir='ltr'><strong>debiles</strong></span> <span class='ocrx_word' id='word_1_17' title='bbox 747 598 784 656; x_wconf 91' lang='lat' dir='ltr'><strong>et</strong></span> <span class='ocrx_word' id='word_1_18' title='bbox 806 583 893 656; x_wconf 92' lang='lat' dir='ltr'><strong>alios</strong></span> <span class='ocrx_word' id='word_1_19' title='bbox 915 584 1050 659; x_wconf 90' lang='lat' dir='ltr'><strong>multos</strong></span> <span class='ocrx_word' id='word_1_20' title='bbox 1072 584 1116 657; x_wconf 93' lang='lat' dir='ltr'><strong>ad</strong></span> <span class='ocrx_word' id='word_1_21' title='bbox 1140 585 1245 683; x_wconf 82' lang='lat' dir='ltr'><strong>pedes</strong></span> 
     </span>
     <span class='ocr_line' id='line_1_4' title="bbox 183 699 1247 801; baseline 0.004 -28"><span class='ocrx_word' id='word_1_22' title='bbox 183 703 258 800; x_wconf 85' lang='lat' dir='ltr'><strong>ejus</strong></span> <span class='ocrx_word' id='word_1_23' title='bbox 274 702 453 801; x_wconf 89' lang='lat' dir='ltr'><strong>projectos</strong></span> <span class='ocrx_word' id='word_1_24' title='bbox 471 699 625 788; x_wconf 82' lang='lat' dir='ltr'><strong>curavit3</strong></span> <span class='ocrx_word' id='word_1_25' title='bbox 646 700 694 772; x_wconf 86' lang='lat' dir='ltr'><strong>ita</strong></span> <span class='ocrx_word' id='word_1_26' title='bbox 707 715 749 772; x_wconf 91' lang='lat' dir='ltr'><strong>ut</strong></span> <span class='ocrx_word' id='word_1_27' title='bbox 765 701 883 774; x_wconf 83' lang='lat' dir='ltr'><strong>turbae</strong></span> <span class='ocrx_word' id='word_1_28' title='bbox 900 702 1139 796; x_wconf 81' lang='lat' dir='ltr'><strong>mirarentur,</strong></span> <span class='ocrx_word' id='word_1_29' title='bbox 1156 701 1247 777; x_wconf 92' lang='lat' dir='ltr'><strong>dum</strong></span> 
     </span>
     <span class='ocr_line' id='line_1_5' title="bbox 182 813 1246 915; baseline 0.005 -27"><span class='ocrx_word' id='word_1_30' title='bbox 182 815 348 891; x_wconf 84' lang='lat' dir='ltr'><strong>viderent</strong></span> <span class='ocrx_word' id='word_1_31' title='bbox 375 830 496 890; x_wconf 79' lang='lat' dir='ltr'><strong>mutos</strong></span> <span class='ocrx_word' id='word_1_32' title='bbox 530 813 654 915; x_wconf 89' lang='lat' dir='ltr'><strong>loqui,</strong></span> <span class='ocrx_word' id='word_1_33' title='bbox 686 815 830 890; x_wconf 77' lang='lat' dir='ltr'><strong>claudos</strong></span> <span class='ocrx_word' id='word_1_34' title='bbox 855 815 1038 892; x_wconf 90' lang='lat' dir='ltr'><strong>ambulare</strong></span> <span class='ocrx_word' id='word_1_35' title='bbox 1069 834 1106 894; x_wconf 93' lang='lat' dir='ltr'><strong>et</strong></span> <span class='ocrx_word' id='word_1_36' title='bbox 1133 845 1246 895; x_wconf 86' lang='lat' dir='ltr'><strong>ceecos</strong></span> 
     </span>
     <span class='ocr_line' id='line_1_6' title="bbox 182 930 1248 1031; baseline 0.006 -28"><span class='ocrx_word' id='word_1_37' title='bbox 182 931 304 1006; x_wconf 82' lang='lat' dir='ltr'><strong>videre</strong></span> <span class='ocrx_word' id='word_1_38' title='bbox 325 931 397 1031; x_wconf 86' lang='lat'><em>(1).</em></span> <span class='ocrx_word' id='word_1_39' title='bbox 416 931 502 1004; x_wconf 86' lang='lat' dir='ltr'><strong>llaec</strong></span> <span class='ocrx_word' id='word_1_40' title='bbox 519 930 684 1005; x_wconf 88' lang='lat' dir='ltr'><strong>similiter</strong></span> <span class='ocrx_word' id='word_1_41' title='bbox 706 933 743 1005; x_wconf 95' lang='lat' dir='ltr'><strong>in</strong></span> <span class='ocrx_word' id='word_1_42' title='bbox 761 948 881 1006; x_wconf 84' lang='lat' dir='ltr'><strong>sancta</strong></span> <span class='ocrx_word' id='word_1_43' title='bbox 903 933 1046 1008; x_wconf 89' lang='lat' dir='ltr'><strong>ecclesia</strong></span> <span class='ocrx_word' id='word_1_44' title='bbox 1070 934 1248 1009; x_wconf 86' lang='lat' dir='ltr'><strong>Dominus</strong></span> 
     </span>
     <span class='ocr_line' id='line_1_7' title="bbox 184 1045 1247 1149; baseline 0.006 -32"><span class='ocrx_word' id='word_1_45' title='bbox 184 1045 419 1145; x_wconf 80' lang='lat' dir='ltr'><strong>spiritualiter</strong></span> <span class='ocrx_word' id='word_1_46' title='bbox 445 1060 633 1144; x_wconf 81' lang='lat' dir='ltr'>operatur,</span> <span class='ocrx_word' id='word_1_47' title='bbox 663 1049 763 1146; x_wconf 85' lang='lat' dir='ltr'><strong>cujus</strong></span> <span class='ocrx_word' id='word_1_48' title='bbox 792 1073 861 1146; x_wconf 88' lang='lat' dir='ltr'><strong>ope</strong></span> <span class='ocrx_word' id='word_1_49' title='bbox 887 1046 992 1121; x_wconf 90' lang='lat' dir='ltr'><strong>turba</strong></span> <span class='ocrx_word' id='word_1_50' title='bbox 1016 1064 1247 1149; x_wconf 82' lang='lat' dir='ltr'><strong>peccatorum</strong></span> 
     </span>
     <span class='ocr_line' id='line_1_8' title="bbox 183 1160 1248 1263; baseline 0.003 -28"><span class='ocrx_word' id='word_1_51' title='bbox 183 1160 347 1259; x_wconf 83' lang='lat' dir='ltr'><strong>quotidie</strong></span> <span class='ocrx_word' id='word_1_52' title='bbox 364 1160 532 1233; x_wconf 87' lang='lat' dir='ltr'><strong>salvatur.</strong></span> <span class='ocrx_word' id='word_1_53' title='bbox 556 1161 649 1234; x_wconf 92' lang='lat' dir='ltr'><strong>Muti</strong></span> <span class='ocrx_word' id='word_1_54' title='bbox 672 1176 759 1234; x_wconf 93' lang='lat' dir='ltr'><strong>sunt</strong></span> <span class='ocrx_word' id='word_1_55' title='bbox 777 1164 840 1263; x_wconf 86' lang='lat' dir='ltr'><strong>qui</strong></span> <span class='ocrx_word' id='word_1_56' title='bbox 858 1163 1056 1238; x_wconf 89' lang='lat' dir='ltr'><strong>Dominum</strong></span> <span class='ocrx_word' id='word_1_57' title='bbox 1071 1189 1148 1239; x_wconf 87' lang='lat' dir='ltr'><strong>non</strong></span> <span class='ocrx_word' id='word_1_58' title='bbox 1168 1166 1248 1238; x_wconf 87' lang='lat' dir='ltr'><strong>lau-</strong></span> 
     </span>
     <span class='ocr_line' id='line_1_9' title="bbox 184 1276 1249 1379; baseline 0.005 -31"><span class='ocrx_word' id='word_1_59' title='bbox 184 1276 291 1365; x_wconf 86' lang='lat' dir='ltr'><strong>dant,</strong></span> <span class='ocrx_word' id='word_1_60' title='bbox 307 1302 375 1350; x_wconf 89' lang='lat' dir='ltr'><strong>nec</strong></span> <span class='ocrx_word' id='word_1_61' title='bbox 391 1276 499 1350; x_wconf 89' lang='lat' dir='ltr'><strong>lidem</strong></span> <span class='ocrx_word' id='word_1_62' title='bbox 516 1277 750 1351; x_wconf 84' lang='lat' dir='ltr'><strong>confitentur.</strong></span> <span class='ocrx_word' id='word_1_63' title='bbox 768 1279 860 1352; x_wconf 72' lang='lat' dir='ltr'><strong>Caeci</strong></span> <span class='ocrx_word' id='word_1_64' title='bbox 879 1295 965 1353; x_wconf 91' lang='lat' dir='ltr'><strong>sunt</strong></span> <span class='ocrx_word' id='word_1_65' title='bbox 976 1281 1039 1379; x_wconf 90' lang='lat' dir='ltr'><strong>qui</strong></span> <span class='ocrx_word' id='word_1_66' title='bbox 1056 1306 1133 1355; x_wconf 90' lang='lat' dir='ltr'><strong>uon</strong></span> <span class='ocrx_word' id='word_1_67' title='bbox 1147 1278 1249 1354; x_wconf 90' lang='lat' dir='ltr'><strong>intel·</strong></span> 
     </span>
     <span class='ocr_line' id='line_1_10' title="bbox 184 1392 1249 1495; baseline 0.007 -31"><span class='ocrx_word' id='word_1_68' title='bbox 184 1394 324 1495; x_wconf 78' lang='lat' dir='ltr'><strong>ligunt,</strong></span> <span class='ocrx_word' id='word_1_69' title='bbox 343 1394 450 1468; x_wconf 89' lang='lat' dir='ltr'><strong>etiam</strong></span> <span class='ocrx_word' id='word_1_70' title='bbox 472 1394 501 1468; x_wconf 93' lang='lat' dir='ltr'><strong>si</strong></span> <span class='ocrx_word' id='word_1_71' title='bbox 523 1392 775 1495; x_wconf 74' lang='lat' dir='ltr'><strong>obtemperent</strong></span> <span class='ocrx_word' id='word_1_72' title='bbox 788 1393 1014 1493; x_wconf 88' lang='lat' dir='ltr'><strong>jubentibus.</strong></span> <span class='ocrx_word' id='word_1_73' title='bbox 1038 1395 1144 1469; x_wconf 89' lang='lat' dir='ltr'><strong>Surdi</strong></span> <span class='ocrx_word' id='word_1_74' title='bbox 1163 1413 1249 1471; x_wconf 89' lang='lat' dir='ltr'><strong>sunt</strong></span> 
     </span>
     <span class='ocr_line' id='line_1_11' title="bbox 183 1510 1249 1614; baseline 0.003 -31"><span class='ocrx_word' id='word_1_75' title='bbox 183 1512 247 1610; x_wconf 88' lang='lat' dir='ltr'><strong>qui</strong></span> <span class='ocrx_word' id='word_1_76' title='bbox 276 1536 355 1585; x_wconf 91' lang='lat' dir='ltr'><strong>non</strong></span> <span class='ocrx_word' id='word_1_77' title='bbox 379 1510 653 1612; x_wconf 88' lang='lat' dir='ltr'><strong>obtemperant,</strong></span> <span class='ocrx_word' id='word_1_78' title='bbox 683 1513 791 1586; x_wconf 90' lang='lat' dir='ltr'><strong>etiam</strong></span> <span class='ocrx_word' id='word_1_79' title='bbox 817 1514 847 1585; x_wconf 91' lang='lat' dir='ltr'><strong>si</strong></span> <span class='ocrx_word' id='word_1_80' title='bbox 875 1513 1091 1614; x_wconf 83' lang='lat' dir='ltr'><strong>intelligant.</strong></span> <span class='ocrx_word' id='word_1_81' title='bbox 1121 1513 1249 1587; x_wconf 78' lang='lat' dir='ltr'><strong>Claudi</strong></span> 
     </span>
     <span class='ocr_line' id='line_1_12' title="bbox 184 1627 1251 1729; baseline 0.002 -31"><span class='ocrx_word' id='word_1_82' title='bbox 184 1642 271 1699; x_wconf 88' lang='lat' dir='ltr'><strong>sunt</strong></span> <span class='ocrx_word' id='word_1_83' title='bbox 285 1627 348 1727; x_wconf 86' lang='lat' dir='ltr'><strong>qui</strong></span> <span class='ocrx_word' id='word_1_84' title='bbox 363 1642 541 1728; x_wconf 74' lang='lat' dir='ltr'><strong>precepta</strong></span> <span class='ocrx_word' id='word_1_85' title='bbox 563 1653 640 1703; x_wconf 91' lang='lat' dir='ltr'><strong>non</strong></span> <span class='ocrx_word' id='word_1_86' title='bbox 656 1628 810 1727; x_wconf 87' lang='lat' dir='ltr'><strong>impleut</strong></span> <span class='ocrx_word' id='word_1_87' title='bbox 825 1628 966 1718; x_wconf 86' lang='lat' dir='ltr'><strong>diviua,</strong></span> <span class='ocrx_word' id='word_1_88' title='bbox 981 1643 1018 1702; x_wconf 91' lang='lat' dir='ltr'><strong>et</strong></span> <span class='ocrx_word' id='word_1_89' title='bbox 1032 1628 1170 1703; x_wconf 83' lang='lat' dir='ltr'><strong>vadunt</strong></span> <span class='ocrx_word' id='word_1_90' title='bbox 1186 1656 1251 1729; x_wconf 89' lang='lat' dir='ltr'><strong>per</strong></span> 
     </span>
     <span class='ocr_line' id='line_1_13' title="bbox 183 1744 1249 1845; baseline 0.003 -30"><span class='ocrx_word' id='word_1_91' title='bbox 183 1744 287 1843; x_wconf 86' lang='lat' dir='ltr'><strong>pravi</strong></span> <span class='ocrx_word' id='word_1_92' title='bbox 303 1746 422 1843; x_wconf 84' lang='lat' dir='ltr'><strong>operis</strong></span> <span class='ocrx_word' id='word_1_93' title='bbox 437 1744 551 1819; x_wconf 81' lang='lat' dir='ltr'><strong>devia.</strong></span> <span class='ocrx_word' id='word_1_94' title='bbox 567 1745 671 1820; x_wconf 87' lang='lat' dir='ltr'><strong>Tales</strong></span> <span class='ocrx_word' id='word_1_95' title='bbox 685 1745 850 1845; x_wconf 87' lang='lat' dir='ltr'><strong>quotidie</strong></span> <span class='ocrx_word' id='word_1_96' title='bbox 864 1744 1040 1819; x_wconf 85' lang='lat' dir='ltr'><strong>divinitus</strong></span> <span class='ocrx_word' id='word_1_97' title='bbox 1056 1760 1249 1839; x_wconf 83' lang='lat' dir='ltr'><strong>sanantur,</strong></span> 
     </span>
    </p>
   </div>
   <div class='ocr_carea' id='block_1_3' title="bbox 185 1861 1373 1961">
    <p class='ocr_par' dir='ltr' id='par_1_3' title="bbox 185 1861 1373 1961">
     <span class='ocr_line' id='line_1_14' title="bbox 185 1861 1373 1961; baseline -0.001 -27"><span class='ocrx_word' id='word_1_98' title='bbox 185 1861 284 1935; x_wconf 87' lang='lat' dir='ltr'><strong>acad</strong></span> <span class='ocrx_word' id='word_1_99' title='bbox 300 1861 394 1933; x_wconf 84' lang='lat' dir='ltr'><strong>viam</strong></span> <span class='ocrx_word' id='word_1_100' title='bbox 410 1861 532 1935; x_wconf 88' lang='lat' dir='ltr'><strong>salutis</strong></span> <span class='ocrx_word' id='word_1_101' title='bbox 546 1862 808 1961; x_wconf 88' lang='lat' dir='ltr'><strong>perducuntur.</strong></span> <span class='ocrx_word' id='word_1_102' title='bbox 828 1862 1013 1935; x_wconf 87' lang='lat' dir='ltr'><strong>Timentes</strong></span> <span class='ocrx_word' id='word_1_103' title='bbox 1030 1861 1248 1951; x_wconf 89' lang='lat' dir='ltr'><strong>Dominum,</strong></span> <span class='ocrx_word' id='word_1_104' title='bbox 1371 1903 1373 1908; x_wconf 93' lang='lat'><em>·</em></span> 
     </span>
    </p>
   </div>
   <div class='ocr_carea' id='block_1_4' title="bbox 114 1974 1255 3823">
    <p class='ocr_par' dir='ltr' id='par_1_4' title="bbox 184 1974 1252 2429">
     <span class='ocr_line' id='line_1_15' title="bbox 184 1974 1251 2079; baseline 0.001 -30"><span class='ocrx_word' id='word_1_105' title='bbox 184 1977 250 2076; x_wconf 91' lang='lat' dir='ltr'><strong>qui</strong></span> <span class='ocrx_word' id='word_1_106' title='bbox 276 1978 376 2077; x_wconf 83' lang='lat' dir='ltr'><strong>sigua</strong></span> <span class='ocrx_word' id='word_1_107' title='bbox 401 1978 602 2079; x_wconf 84' lang='lat' dir='ltr'><strong>corporalia</strong></span> <span class='ocrx_word' id='word_1_108' title='bbox 631 1975 821 2068; x_wconf 83' lang='lat' dir='ltr'><strong>videbant,</strong></span> <span class='ocrx_word' id='word_1_109' title='bbox 850 1977 925 2050; x_wconf 80' lang='lat' dir='ltr'><strong>laeti</strong></span> <span class='ocrx_word' id='word_1_110' title='bbox 955 2003 1077 2079; x_wconf 82' lang='lat' dir='ltr'><strong>regem</strong></span> <span class='ocrx_word' id='word_1_111' title='bbox 1103 1974 1251 2050; x_wconf 84' lang='lat' dir='ltr'><strong>sabaoth</strong></span> 
     </span>
     <span class='ocr_line' id='line_1_16' title="bbox 184 2092 1252 2197; baseline 0.003 -31"><span class='ocrx_word' id='word_1_112' title='bbox 184 2092 475 2194; x_wconf 81' lang='lat' dir='ltr'><strong>magnificabant.</strong></span> <span class='ocrx_word' id='word_1_113' title='bbox 504 2095 614 2169; x_wconf 87' lang='lat' dir='ltr'><strong>Nunc</strong></span> <span class='ocrx_word' id='word_1_114' title='bbox 640 2120 785 2197; x_wconf 89' lang='lat' dir='ltr'><strong>qnoque</strong></span> <span class='ocrx_word' id='word_1_115' title='bbox 810 2120 881 2194; x_wconf 90' lang='lat' dir='ltr'><strong>pro</strong></span> <span class='ocrx_word' id='word_1_116' title='bbox 905 2095 1141 2170; x_wconf 81' lang='lat' dir='ltr'><strong>conversione</strong></span> <span class='ocrx_word' id='word_1_117' title='bbox 1165 2119 1252 2169; x_wconf 89' lang='lat' dir='ltr'><strong>reo·</strong></span> 
     </span>
     <span class='ocr_line' id='line_1_17' title="bbox 185 2209 1250 2312; baseline 0 -28"><span class='ocrx_word' id='word_1_118' title='bbox 185 2237 270 2284; x_wconf 88' lang='lat' dir='ltr'><strong>rum</strong></span> <span class='ocrx_word' id='word_1_119' title='bbox 292 2211 412 2285; x_wconf 90' lang='lat' dir='ltr'><strong>fideles</strong></span> <span class='ocrx_word' id='word_1_120' title='bbox 432 2212 615 2301; x_wconf 85' lang='lat' dir='ltr'><strong>exultant,</strong></span> <span class='ocrx_word' id='word_1_121' title='bbox 641 2226 678 2286; x_wconf 93' lang='lat' dir='ltr'><strong>et</strong></span> <span class='ocrx_word' id='word_1_122' title='bbox 701 2212 900 2285; x_wconf 88' lang='lat' dir='ltr'><strong>Dominum</strong></span> <span class='ocrx_word' id='word_1_123' title='bbox 917 2212 1023 2285; x_wconf 84' lang='lat' dir='ltr'><strong>lsrael</strong></span> <span class='ocrx_word' id='word_1_124' title='bbox 1034 2265 1045 2300; x_wconf 87' lang='lat'><strong>,</strong></span> <span class='ocrx_word' id='word_1_125' title='bbox 1065 2211 1128 2312; x_wconf 86' lang='lat' dir='ltr'><strong>qui</strong></span> <span class='ocrx_word' id='word_1_126' title='bbox 1154 2209 1250 2286; x_wconf 88' lang='lat' dir='ltr'><strong>bona</strong></span> 
     </span>
     <span class='ocr_line' id='line_1_18' title="bbox 185 2326 784 2429; baseline 0.005 -31"><span class='ocrx_word' id='word_1_127' title='bbox 185 2341 316 2400; x_wconf 83' lang='lat' dir='ltr'><strong>cuncta</strong></span> <span class='ocrx_word' id='word_1_128' title='bbox 331 2326 418 2401; x_wconf 85' lang='lat' dir='ltr'><strong>facit</strong></span> <span class='ocrx_word' id='word_1_129' title='bbox 428 2383 439 2419; x_wconf 91' lang='lat'><em>,</em></span> <span class='ocrx_word' id='word_1_130' title='bbox 464 2330 522 2427; x_wconf 89' lang='lat' dir='ltr'><strong>pie</strong></span> <span class='ocrx_word' id='word_1_131' title='bbox 539 2326 784 2429; x_wconf 84' lang='lat' dir='ltr'><strong>magnificant.</strong></span> 
     </span>
    </p>

    <p class='ocr_par' dir='ltr' id='par_1_5' title="bbox 114 2441 1255 3823">
     <span class='ocr_line' id='line_1_19' title="bbox 233 2441 1252 2544; baseline 0 -28"><span class='ocrx_word' id='word_1_132' title='bbox 233 2443 334 2519; x_wconf 88' lang='lat' dir='ltr'><strong>Jesus</strong></span> <span class='ocrx_word' id='word_1_133' title='bbox 369 2443 574 2519; x_wconf 88' lang='lat' dir='ltr'><strong>convocatis</strong></span> <span class='ocrx_word' id='word_1_134' title='bbox 606 2442 790 2544; x_wconf 77' lang='lat' dir='ltr'><strong>discipulis</strong></span> <span class='ocrx_word' id='word_1_135' title='bbox 817 2443 888 2515; x_wconf 89' lang='lat' dir='ltr'><strong>suis</strong></span> <span class='ocrx_word' id='word_1_136' title='bbox 914 2441 1007 2515; x_wconf 81' lang='lat' dir='ltr'><strong>dixit</strong></span> <span class='ocrx_word' id='word_1_137' title='bbox 1033 2472 1042 2514; x_wconf 72' lang='grc' dir='ltr'>ι</span> <span class='ocrx_word' id='word_1_138' title='bbox 1073 2442 1252 2518; x_wconf 77' lang='lat' dir='ltr'><strong>Ms&#39;sereor</strong></span> 
     </span>
     <span class='ocr_line' id='line_1_20' title="bbox 186 2558 1250 2660; baseline 0.001 -30"><span class='ocrx_word' id='word_1_139' title='bbox 186 2558 315 2649; x_wconf 73' lang='lat' dir='ltr'><strong>turha,</strong></span> <span class='ocrx_word' id='word_1_140' title='bbox 325 2561 415 2660; x_wconf 83' lang='lat' dir='ltr'><strong>quia</strong></span> <span class='ocrx_word' id='word_1_141' title='bbox 423 2558 544 2632; x_wconf 76' lang='lat' dir='ltr'><strong>triduo</strong></span> <span class='ocrx_word' id='word_1_142' title='bbox 550 2560 637 2660; x_wconf 86' lang='lat' dir='ltr'><strong>jam</strong></span> <span class='ocrx_word' id='word_1_143' title='bbox 639 2575 875 2660; x_wconf 79' lang='lat' dir='ltr'><strong>perseverant</strong></span> <span class='ocrx_word' id='word_1_144' title='bbox 886 2584 1039 2648; x_wconf 75' lang='grc' dir='ltr'><strong><em>ηιεοιιιη,</em></strong></span> <span class='ocrx_word' id='word_1_145' title='bbox 1054 2575 1089 2631; x_wconf 79' lang='lat' dir='ltr'><strong>et</strong></span> <span class='ocrx_word' id='word_1_146' title='bbox 1099 2585 1173 2632; x_wconf 86' lang='lat' dir='ltr'><strong>non</strong></span> <span class='ocrx_word' id='word_1_147' title='bbox 1183 2558 1250 2631; x_wconf 76' lang='lat' dir='ltr'><strong>ha·</strong></span> 
     </span>
     <span class='ocr_line' id='line_1_21' title="bbox 186 2674 1249 2775; baseline 0 -27"><span class='ocrx_word' id='word_1_148' title='bbox 186 2675 272 2748; x_wconf 80' lang='lat' dir='ltr'><strong>bent</strong></span> <span class='ocrx_word' id='word_1_149' title='bbox 288 2675 390 2775; x_wconf 85' lang='lat' dir='ltr'><strong>quod</strong></span> <span class='ocrx_word' id='word_1_150' title='bbox 405 2674 643 2763; x_wconf 60' lang='lat' dir='ltr'><strong>manducem</strong></span> <span class='ocrx_word' id='word_1_151' title='bbox 655 2691 691 2747; x_wconf 79' lang='lat' dir='ltr'><strong>et</strong></span> <span class='ocrx_word' id='word_1_152' title='bbox 706 2676 886 2748; x_wconf 78' lang='lat' dir='ltr'><strong>dimittere</strong></span> <span class='ocrx_word' id='word_1_153' title='bbox 903 2699 964 2749; x_wconf 84' lang='lat' dir='ltr'><strong>eos</strong></span> <span class='ocrx_word' id='word_1_154' title='bbox 976 2675 1127 2775; x_wconf 77' lang='lat' dir='ltr'><strong>jejunos</strong></span> <span class='ocrx_word' id='word_1_155' title='bbox 1139 2674 1226 2748; x_wconf 80' lang='lat' dir='ltr'><strong>nolo</strong></span> <span class='ocrx_word' id='word_1_156' title='bbox 1235 2730 1249 2764; x_wconf 88' lang='lat'><em>,</em></span> 
     </span>
     <span class='ocr_line' id='line_1_22' title="bbox 184 2788 1250 2892; baseline 0 -28"><span class='ocrx_word' id='word_1_157' title='bbox 184 2789 687 2892; x_wconf 76' lang='lat' dir='ltr'><strong>aedeficiantinvia.lleinde</strong></span> <span class='ocrx_word' id='word_1_158' title='bbox 695 2788 993 2890; x_wconf 78' lang='lat' dir='ltr'><strong>praecepitturboe</strong></span> <span class='ocrx_word' id='word_1_159' title='bbox 1002 2808 1250 2890; x_wconf 87' lang='lat' dir='ltr'><strong>superterram</strong></span> 
     </span>
     <span class='ocr_line' id='line_1_23' title="bbox 185 2908 1250 3010; baseline -0.002 -27"><span class='ocrx_word' id='word_1_160' title='bbox 185 2909 426 3000; x_wconf 82' lang='lat' dir='ltr'><strong>discumbere,</strong></span> <span class='ocrx_word' id='word_1_161' title='bbox 435 2925 572 3009; x_wconf 85' lang='lat' dir='ltr'><strong>septem</strong></span> <span class='ocrx_word' id='word_1_162' title='bbox 580 2934 738 3007; x_wconf 84' lang='lat' dir='ltr'><strong>panesac</strong></span> <span class='ocrx_word' id='word_1_163' title='bbox 751 2908 940 3009; x_wconf 82' lang='lat' dir='ltr'><strong>pisciculos</strong></span> <span class='ocrx_word' id='word_1_164' title='bbox 949 2934 1082 3007; x_wconf 91' lang='lat' dir='ltr'><strong>paucos</strong></span> <span class='ocrx_word' id='word_1_165' title='bbox 1092 2911 1229 3010; x_wconf 90' lang='lat' dir='ltr'><strong>accepit</strong></span> <span class='ocrx_word' id='word_1_166' title='bbox 1237 2965 1250 3002; x_wconf 93' lang='lat'>,</span> 
     </span>
     <span class='ocr_line' id='line_1_24' title="bbox 183 3022 1250 3126; baseline 0.001 -29"><span class='ocrx_word' id='word_1_167' title='bbox 183 3025 315 3125; x_wconf 81' lang='lat' dir='ltr'><strong>gratias</strong></span> <span class='ocrx_word' id='word_1_168' title='bbox 327 3026 420 3126; x_wconf 78' lang='lat' dir='ltr'><strong>egit,</strong></span> <span class='ocrx_word' id='word_1_169' title='bbox 439 3023 567 3125; x_wconf 80' lang='lat' dir='ltr'><strong>fregit,</strong></span> <span class='ocrx_word' id='word_1_170' title='bbox 585 3023 839 3125; x_wconf 83' lang='lat' dir='ltr'><strong>discipulisque</strong></span> <span class='ocrx_word' id='word_1_171' title='bbox 855 3025 927 3099; x_wconf 87' lang='lat' dir='ltr'><strong>suis</strong></span> <span class='ocrx_word' id='word_1_172' title='bbox 944 3022 1056 3098; x_wconf 85' lang='lat' dir='ltr'><strong>dedit.</strong></span> <span class='ocrx_word' id='word_1_173' title='bbox 1077 3024 1250 3126; x_wconf 85' lang='lat' dir='ltr'><strong>Discipuli</strong></span> 
     </span>
     <span class='ocr_line' id='line_1_25' title="bbox 184 3138 1253 3241; baseline 0.001 -29"><span class='ocrx_word' id='word_1_174' title='bbox 184 3155 307 3214; x_wconf 85' lang='lat' dir='ltr'><strong>autem</strong></span> <span class='ocrx_word' id='word_1_175' title='bbox 333 3140 471 3241; x_wconf 90' lang='lat' dir='ltr'><strong>populo</strong></span> <span class='ocrx_word' id='word_1_176' title='bbox 501 3139 699 3230; x_wconf 88' lang='lat' dir='ltr'><strong>dederunt,</strong></span> <span class='ocrx_word' id='word_1_177' title='bbox 732 3156 769 3214; x_wconf 89' lang='lat' dir='ltr'><strong>et</strong></span> <span class='ocrx_word' id='word_1_178' title='bbox 800 3138 1038 3214; x_wconf 87' lang='lat' dir='ltr'><strong>comederunt</strong></span> <span class='ocrx_word' id='word_1_179' title='bbox 1063 3166 1187 3218; x_wconf 92' lang='lat' dir='ltr'><strong>omnes</strong></span> <span class='ocrx_word' id='word_1_180' title='bbox 1215 3156 1253 3215; x_wconf 90' lang='lat' dir='ltr'><strong>et</strong></span> 
     </span>
     <span class='ocr_line' id='line_1_26' title="bbox 185 3255 1253 3356; baseline -0.001 -27"><span class='ocrx_word' id='word_1_181' title='bbox 185 3257 334 3329; x_wconf 84' lang='lat' dir='ltr'><strong>saturati</strong></span> <span class='ocrx_word' id='word_1_182' title='bbox 352 3274 449 3331; x_wconf 90' lang='lat' dir='ltr'><strong>sunt.</strong></span> <span class='ocrx_word' id='word_1_183' title='bbox 471 3255 579 3351; x_wconf 88' lang='lat' dir='ltr'><strong>Quod</strong></span> <span class='ocrx_word' id='word_1_184' title='bbox 594 3255 773 3356; x_wconf 77' lang='lat' dir='ltr'><strong>superfuit</strong></span> <span class='ocrx_word' id='word_1_185' title='bbox 788 3256 832 3331; x_wconf 92' lang='lat' dir='ltr'><strong>de</strong></span> <span class='ocrx_word' id='word_1_186' title='bbox 845 3255 1073 3356; x_wconf 82' lang='lat' dir='ltr'><strong>fragmentis,</strong></span> <span class='ocrx_word' id='word_1_187' title='bbox 1089 3256 1253 3331; x_wconf 90' lang='lat' dir='ltr'><strong>tulerunt</strong></span> 
     </span>
     <span class='ocr_line' id='line_1_27' title="bbox 186 3371 1254 3474; baseline -0.001 -28"><span class='ocrx_word' id='word_1_188' title='bbox 186 3387 323 3472; x_wconf 88' lang='lat' dir='ltr'><strong>septem</strong></span> <span class='ocrx_word' id='word_1_189' title='bbox 340 3388 477 3473; x_wconf 79' lang='lat' dir='ltr'><strong>sportas</strong></span> <span class='ocrx_word' id='word_1_190' title='bbox 490 3373 627 3474; x_wconf 84' lang='lat' dir='ltr'><strong>plenas.</strong></span> <span class='ocrx_word' id='word_1_191' title='bbox 645 3373 762 3447; x_wconf 84' lang='lat' dir='ltr'><strong>Erant</strong></span> <span class='ocrx_word' id='word_1_192' title='bbox 778 3387 915 3461; x_wconf 89' lang='lat' dir='ltr'><strong>autem,</strong></span> <span class='ocrx_word' id='word_1_193' title='bbox 932 3373 996 3473; x_wconf 90' lang='lat' dir='ltr'><strong>qui</strong></span> <span class='ocrx_word' id='word_1_194' title='bbox 1012 3371 1254 3447; x_wconf 81' lang='lat' dir='ltr'><strong>manducave-</strong></span> 
     </span>
     <span class='ocr_line' id='line_1_28' title="bbox 188 3486 1253 3591; baseline -0.005 -26"><span class='ocrx_word' id='word_1_195' title='bbox 188 3507 298 3580; x_wconf 85' lang='lat' dir='ltr'><strong>runt,</strong></span> <span class='ocrx_word' id='word_1_196' title='bbox 314 3505 473 3591; x_wconf 84' lang='lat' dir='ltr'><strong>quatuor</strong></span> <span class='ocrx_word' id='word_1_197' title='bbox 485 3491 599 3564; x_wconf 92' lang='lat' dir='ltr'><strong>millia</strong></span> <span class='ocrx_word' id='word_1_198' title='bbox 614 3490 796 3577; x_wconf 84' lang='lat' dir='ltr'><strong>virorum,</strong></span> <span class='ocrx_word' id='word_1_199' title='bbox 814 3503 913 3564; x_wconf 82' lang='lat' dir='ltr'><strong>extra</strong></span> <span class='ocrx_word' id='word_1_200' title='bbox 928 3486 1096 3588; x_wconf 79' lang='lat' dir='ltr'><strong>paruslos</strong></span> <span class='ocrx_word' id='word_1_201' title='bbox 1113 3503 1150 3562; x_wconf 92' lang='lat' dir='ltr'><strong>et</strong></span> <span class='ocrx_word' id='word_1_202' title='bbox 1166 3512 1253 3562; x_wconf 88' lang='lat' dir='ltr'><strong>mu-</strong></span> 
     </span>
     <span class='ocr_line' id='line_1_29' title="bbox 188 3603 1255 3706; baseline -0.003 -28"><span class='ocrx_word' id='word_1_203' title='bbox 188 3604 294 3680; x_wconf 89' lang='lat' dir='ltr'><strong>lieres</strong></span> <span class='ocrx_word' id='word_1_204' title='bbox 304 3607 376 3706; x_wconf 88' lang='lat' dir='ltr'><strong>(a).</strong></span> <span class='ocrx_word' id='word_1_205' title='bbox 392 3609 442 3680; x_wconf 82' lang='lat' dir='ltr'><strong>Et</strong></span> <span class='ocrx_word' id='word_1_206' title='bbox 457 3606 598 3680; x_wconf 81' lang='lat' dir='ltr'><strong>dimissa</strong></span> <span class='ocrx_word' id='word_1_207' title='bbox 615 3604 741 3695; x_wconf 84' lang='lat' dir='ltr'><strong>turba,</strong></span> <span class='ocrx_word' id='word_1_208' title='bbox 758 3604 796 3677; x_wconf 93' lang='lat' dir='ltr'><strong>in</strong></span> <span class='ocrx_word' id='word_1_209' title='bbox 809 3603 1009 3677; x_wconf 81' lang='lat' dir='ltr'><strong>naviculam</strong></span> <span class='ocrx_word' id='word_1_210' title='bbox 1021 3603 1199 3699; x_wconf 86' lang='lat' dir='ltr'><strong>ascendit,</strong></span> <span class='ocrx_word' id='word_1_211' title='bbox 1216 3617 1255 3679; x_wconf 93' lang='lat' dir='ltr'><strong>et</strong></span> 
     </span>
     <span class='ocr_line' id='line_1_30' title="bbox 114 3706 1253 3823; baseline 0.004 -30"><span class='ocrx_word' id='word_1_212' title='bbox 114 3752 117 3763; x_wconf 96' lang='lat'><em>·</em></span> <span class='ocrx_word' id='word_1_213' title='bbox 192 3706 230 3796; x_wconf 86' lang='lat' dir='ltr'><strong>in</strong></span> <span class='ocrx_word' id='word_1_214' title='bbox 252 3722 342 3797; x_wconf 90' lang='lat' dir='ltr'><strong>fines</strong></span> <span class='ocrx_word' id='word_1_215' title='bbox 365 3723 553 3823; x_wconf 81' lang='lat' dir='ltr'><strong>Magedam</strong></span> <span class='ocrx_word' id='word_1_216' title='bbox 574 3721 632 3797; x_wconf 79' lang='lat' dir='ltr'><strong>vel</strong></span> <span class='ocrx_word' id='word_1_217' title='bbox 651 3719 888 3794; x_wconf 86' lang='lat' dir='ltr'><strong>Dalmanutha</strong></span> <span class='ocrx_word' id='word_1_218' title='bbox 909 3721 1002 3793; x_wconf 86' lang='lat' dir='ltr'><strong>circa</strong></span> <span class='ocrx_word' id='word_1_219' title='bbox 1022 3719 1179 3796; x_wconf 89' lang='lat' dir='ltr'><strong>Genesar</strong></span> <span class='ocrx_word' id='word_1_220' title='bbox 1193 3747 1253 3797; x_wconf 88' lang='lat' dir='ltr'><strong>ve·</strong></span> 
     </span>
    </p>
   </div>
   <div class='ocr_carea' id='block_1_5' title="bbox 227 4052 1188 4134">
    <p class='ocr_par' dir='ltr' id='par_1_6' title="bbox 227 4052 1188 4134">
     <span class='ocr_line' id='line_1_31' title="bbox 227 4052 1188 4134; baseline -0.022 -7"><span class='ocrx_word' id='word_1_221' title='bbox 227 4061 267 4131; x_wconf 81' lang='lat'><strong>(¹)</strong></span> <span class='ocrx_word' id='word_1_222' title='bbox 284 4059 385 4116; x_wconf 74' lang='lat' dir='ltr'><strong>nanu</strong></span> <span class='ocrx_word' id='word_1_223' title='bbox 400 4078 443 4129; x_wconf 83' lang='lat' dir='ltr'><strong>xv,</strong></span> <span class='ocrx_word' id='word_1_224' title='bbox 460 4057 554 4134; x_wconf 78' lang='lat'><strong>²9·3¹·</strong></span> <span class='ocrx_word' id='word_1_225' title='bbox 575 4087 591 4100; x_wconf 88' lang='lat'><strong>·</strong></span> <span class='ocrx_word' id='word_1_226' title='bbox 611 4061 650 4130; x_wconf 78' lang='lat' dir='ltr'><strong>(a)</strong></span> <span class='ocrx_word' id='word_1_227' title='bbox 663 4056 762 4114; x_wconf 75' lang='lat' dir='ltr'><strong>natu.</strong></span> <span class='ocrx_word' id='word_1_228' title='bbox 777 4073 821 4126; x_wconf 82' lang='lat' dir='ltr'><strong>xv,</strong></span> <span class='ocrx_word' id='word_1_229' title='bbox 838 4052 939 4123; x_wconf 77' lang='lat'><strong>32-38;</strong></span> <span class='ocrx_word' id='word_1_230' title='bbox 953 4054 1036 4111; x_wconf 73' lang='lat' dir='ltr'><strong>stare</strong></span> <span class='ocrx_word' id='word_1_231' title='bbox 1049 4069 1114 4122; x_wconf 82' lang='lat' dir='ltr'><strong>vui,</strong></span> <span class='ocrx_word' id='word_1_232' title='bbox 1134 4072 1188 4125; x_wconf 86' lang='lat'><strong>¹·9·</strong></span> 
     </span>
    </p>
   </div>
   <div class='ocr_carea' id='block_1_6' title="bbox 0 0 1461 4958">
    <p class='ocr_par' dir='ltr' id='par_1_7' title="bbox 0 0 1461 4958">
     <span class='ocr_line' id='line_1_32' title="bbox 0 0 1461 4958; baseline 0 0"><span class='ocrx_word' id='word_1_233' title='bbox 0 0 1461 4958; x_wconf 95' lang='lat' dir='ltr'><strong> </strong></span> 
     </span>
    </p>
   </div>
  </div>
 </body>
</html>
