2894 4958
536 383 654 446 LIBER
672 380 883 446 SECUNDUS.
1187 385 1248 449 449

230 499 432 602 Stephanus
452 499 613 591 Simulus,
631 527 675 576 ex
692 515 794 600 patre
815 499 945 590 olibo,
970 501 1062 577 sedit
1080 503 1185 577 annis
1205 528 1248 579 ιιι

182 617 367 694 mensibus
391 643 415 691 v
433 615 560 691 diebus
581 640 712 691 xxvrn.
730 616 798 692 Vir
816 631 983 692 strenuus
1003 631 1041 693 et
1061 615 1180 692 bonus
1206 645 1248 692 ae

182 736 340 837 sapiens,
354 733 523 809 Ecclesia
533 733 598 808 Dei
615 732 808 809 admodum
820 734 970 834 proihit
987 735 1084 810 Ante
1098 735 1250 813 electio-

182 879 271 928 nem
295 850 554 953 ejus-inaudita
579 850 715 925 malitia
742 852 868 926 Romae
891 867 1034 951 peracta
1061 867 1127 928 est.
1156 854 1250 929 Nam

184 971 284 1045 Toto
311 968 509 1070 Nepesinus
536 967 610 1043 dux
636 969 916 1043 Constantinum
941 969 1073 1043 laicum
1099 969 1251 1047 fratrem

185 1112 291 1161 suum
312 1082 359 1158 ah
380 1084 497 1159 invito
514 1082 673 1184 Georgio
687 1086 920 1160 Praenestinae
936 1072 1253 1188 episcopo'papam

185 1202 386 1279 consecrari
408 1201 538 1303 coegit.
560 1204 770 1303 Postquam
787 1203 1055 1279 ordinationem
1078 1203 1254 1307 Georgius

186 1318 225 1393 in
242 1316 496 1419 aegritudinem
512 1318 673 1407 corruit,
691 1317 916 1420 nimiumque
934 1319 1137 1395 infirmatus
1153 1347 1255 1397 nun-

186 1460 295 1536 quam
303 1449 426 1536 postea
435 1434 580 1507 missam
591 1434 761 1509 cantavit.
771 1435 860 1534 Ejus
869 1435 1120 1512 enimdextera
1128 1464 1255 1513 manus

187 1551 284 1624 aruit
307 1564 345 1626 et
368 1563 552 1625 contracta
579 1563 633 1623 est
644 1602 657 1639 ,
683 1575 794 1650 quam
815 1576 883 1625 nec
904 1551 949 1624 ad
972 1577 1013 1627 os
1034 1580 1140 1628 suum
1159 1554 1258 1631 serre

186 1668 317 1758 valuit3
336 1669 397 1744 sed
418 1666 545 1743 eodem
565 1692 664 1741 anno
686 1667 762 1767 ipse
780 1667 935 1768 pessimo
957 1668 1131 1770 languore
1147 1671 1255 1747 obiit.
1408 1720 1415 1735 ι

187 1784 274 1860 Post
295 1809 432 1858 annum
453 1784 570 1857 Roma
588 1779 817 1857 Christoforo
839 1782 1048 1883 primicerio
1068 1800 1107 1861 et
1131 1785 1258 1886 Sergio

187 1899 369 1976 sacellario
386 1899 517 1974 tradita
532 1914 606 1989 est,
624 1914 661 1975 et
678 1900 776 1976 Toto
792 1899 866 1973 dux
881 1927 902 1973 a
915 1900 1099 1977 Demetrio
1114 1916 1152 1978 et
1163 1901 1258 1978 Gra·

188 2020 285 2096 tioso
309 2017 559 2093 fraudulenter
584 2016 722 2093 occisus
746 2031 813 2092 est.
838 2018 925 2092 Post
953 2016 1031 2093 haec
1055 2018 1259 2122 Stephanus

188 2162 278 2238 papa
295 2136 455 2238 legitime
471 2161 492 2208 a
511 2134 651 2209 cunctis
668 2133 802 2211 electus
814 2148 881 2210 est.
901 2134 984 2210 Non
1001 2135 1121 2214 multo
1138 2151 1222 2238 post
1236 2164 1259 2213 a

187 2253 404 2356 quibusdam
422 2252 589 2353 malignis
604 2251 865 2329 Constantinus
882 2252 1027 2329 invasor
1045 2267 1083 2329 et
1096 2253 1272 2330 Passibus‘

187 2371 302 2448 frater
330 2374 405 2471 ejus
433 2396 475 2444 ac
502 2369 922 2470 Theodorus.episoopus
947 2385 985 2445 et
1010 2371 1259 2448 vioedominus

149 2552 153 2558 .
188 2488 283 2589 eapti
306 2504 344 2564 et
366 2485 484 2562 orbati
501 2500 604 2575 sunt;
627 2499 665 2560 et
679 2483 927 2561 christoforus
943 2511 984 2559 ac
1005 2485 1148 2589 Sergius
1164 2486 1260 2564 filius

188 2606 285 2705 ejus,
302 2603 435 2705 aliique
450 2601 559 2677 multi
580 2600 667 2676 dolo
679 2618 718 2678 et
737 2601 957 2680 immissione
974 2602 1148 2679 Desiderii
1165 2605 1260 2706 regis

188 2723 389 2825 perierunt.
411 2722 512 2795 Inter
528 2716 607 2793 haee
617 2717 819 2819 Stephanus
831 2744 942 2821 papa,
960 2720 1000 2793 in
1017 2720 1258 2796 ordinationis
1392 2721 1397 2729 ’

188 2864 263 2914 suae
292 2836 463 2929 exordio,
495 2835 661 2937 Sergium
692 2832 977 2912 secundioerium
1005 2835 1051 2910 ad
1083 2835 1259 2912 &aulum

188 2954 363 3056 Magnum
374 2979 497 3055 regem
504 2952 729 3027 Francorum
739 2950 892 3041 direxit,
907 2963 944 3026 et
954 2949 1145 3027 consilium
1156 2953 1259 3029 auxi·

189 3070 352 3172 liumque
377 3067 424 3142 ah
446 3093 491 3145 eo
515 3065 695 3168 poposcit.
723 3065 791 3139 Cui
815 3080 1001 3166 gratanter
1023 3064 1085 3141 ille
1107 3090 1161 3141 xu
1184 3067 1258 3168 epi·

189 3212 318 3288 scopos
339 3186 385 3261 de
404 3184 547 3261 Francis
562 3181 853 3283 probatissimos,
876 3195 914 3258 et
930 3182 969 3255 in
991 3181 1123 3256 divinis
1139 3183 1258 3285 serip-

189 3305 302 3394 turis,
315 3316 593 3405 sanotommque
604 3325 786 3376 oenonum
797 3297 1088 3374 institutionibus
1096 3299 1257 3375 eruditos
1324 3366 1329 3385 ,

187 3421 335 3496 direxit.

238 3537 362 3612 Mense
374 3536 480 3637 aprili
495 3536 697 3611 multorum
715 3532 875 3635 synodus
893 3533 1090 3633 proesnlum
1101 3534 1145 3608 ‘in
1160 3532 1258 3607 hasi-

188 3653 257 3728 lioa
281 3653 403 3728 Sancti
428 3652 621 3727 Salvatoris
641 3654 744 3751 juxta
767 3649 952 3725 Lateranis
971 3662 1156 3751 aggregata
1180 3662 1234 3723 est
1241 3676 1255 3740 ς

189 3783 298 3872 atque
312 3769 591 3860 Constantinus,
610 3767 673 3869 qui
695 3765 740 3841 de
763 3765 855 3839 laico
878 3779 1028 3865 repente
1049 3763 1199 3839 clericus
1218 3779 1256 3840 et

189 4063 329 4136 respondu
343 4066 361 4119 a
373 4063 498 4137 l’empire
514 4063 550 4120 de
567 4060 932 4130 Leun‚rnaisseuie1nenta
948 4057 1020 4114 celui
1039 4055 1074 4112 de
1090 4057 1255 4115 Cmuantin

189 4154 377 4226 Copronyme.

265 4267 292 4315 1·
1067 4261 1113 4333 29
