2894 4958
203 484 261 543 aas
477 480 990 562 n1srna1arccnnsusnca.

200 602 366 691 audieus,
381 599 461 701 plus
470 600 616 693 orabat,
631 619 668 677 et
678 604 833 703 puellam
845 603 955 680 verba
967 605 1131 680 veritatis
1143 600 1268 681 canenss

201 737 273 795 tem
284 721 455 794 attentius
465 719 588 794 eadem
600 736 761 820 repetere
770 720 1000 798 admonebat.
1013 725 1122 797 Tunc
1134 722 1263 824 ipsum,

199 837 298 939 quod
316 864 433 938 neque
448 837 700 928 manducaret,
720 865 836 939 neque
851 837 1013 930 biberet,
1027 841 1203 942 pincerna
1217 840 1264 914 in·

198 955 375 1055 crepavit,
401 968 437 1028 et
457 953 613 1052 palmam
636 956 675 1027 in
695 953 825 1028 faciem
847 958 922 1055 ejus
939 954 1053 1030 dedit.
1072 956 1265 1058 Apostolus

197 1096 285 1145 vero
307 1096 394 1144 mox
415 1067 581 1142 hebraice
602 1068 772 1169 praedixit
792 1068 895 1171 quod
916 1071 949 1146 ei
971 1072 1145 1171 protinus
1164 1086 1264 1146 antc-

196 1214 307 1290 quam
319 1188 527 1262 convivium
539 1185 796 1286 compleretur,
809 1188 1051 1288 contingeret.
1066 1195 1184 1263 Porro
1192 1189 1262 1290 pin·

195 1330 303 1379 cerna
315 1320 357 1377 ut
369 1330 500 1404 uquam
516 1300 560 1376 de
570 1303 674 1378 fonte
691 1301 869 1394 deferret,
883 1306 996 1379 exivit
1005 1359 1017 1395 ,
1034 1331 1195 1408 eumque
1208 1305 1260 1380 len

193 1423 343 1508 invasit,
368 1436 405 1495 et
430 1417 558 1495 bibens
581 1421 792 1521 sanguinem
817 1424 893 1521 ejus
913 1420 1015 1495 abiit.
1041 1423 1159 1497 Canes
1180 1446 1259 1496 vnn

193 1538 354 1613 membra
372 1541 446 1638 ejus
462 1536 716 1629 comederunt,
730 1564 889 1640 quorum
905 1565 1001 1613 unus
1016 1542 1126 1641 niger
1141 1540 1258 1615 dexte-

193 1681 272 1729 ram
287 1659 362 1756 ejus
383 1656 421 1728 in
436 1680 501 1729 ore
518 1653 660 1748 ferens,
679 1656 718 1728 in
736 1656 897 1743 medium
912 1658 1071 1731 convivii
1094 1673 1256 1758 apporta-

193 1775 257 1844 vit.
277 1770 514 1871 Stupentibus
530 1771 712 1862 eonviris,
737 1772 801 1872 qui
820 1769 898 1844 haec
921 1770 1177 1863 intuebantur,
1199 1771 1256 1845 he·

192 1886 289 1962 br'aea
300 1888 496 1977 cantatrix,
510 1913 592 1989 quae
602 1888 676 1962 sola
688 1885 918 1987 prophetiam
931 1890 1006 1987 ejus
1018 1887 1254 1974 intellexerat,

192 2005 319 2079 tibiam
340 2032 442 2079 suam
459 2004 629 2105 jactavit,
656 2019 693 2078 et
715 2030 864 2079 currens
884 2003 992 2104 pedes
1012 2007 1089 2103 ejus
1112 2002 1255 2079 osculari

191 2124 323 2223 coepitj,
341 2137 379 2196 et
399 2119 571 2196 omnibus
592 2121 656 2221 qui
678 2118 828 2196 aderant
844 2121 961 2194 dixit:
980 2121 1060 2194 Hic
1074 2119 1187 2194 tomo
1200 2134 1256 2202 out

186 2239 366 2342 propheta
377 2257 448 2330 est,
461 2239 728 2341 autapostolus
740 2240 825 2312 Dei.
838 2238 931 2312 Nam
942 2253 985 2312 ut
996 2239 1256 2338 pincernarum

191 2357 385 2456 percussit,
412 2382 532 2429 casum
554 2381 664 2455 quem
686 2381 807 2456 passus
830 2369 884 2429 est
906 2352 1077 2437 hebraico
1097 2379 1256 2429 sermone

191 2470 361 2571 praedixit
385 2503 394 2544 ε
418 2472 506 2546 Νοη
522 2497 739 2569 exsurgam,
759 2471 897 2572 inquit,
917 2472 967 2543 de
987 2471 1056 2546 ltoc
1081 2473 1254 2557 conuiuio,

192 2591 267 2662 nasi
280 2615 430 2668 manum
447 2591 569 2690 ipsam
580 2615 607 2661 u
620 2615 713 2663 cane
724 2591 830 2688 rugan
847 2588 920 2662 huc
931 2588 1071 2686 deferri
1079 2590 1220 2663 uidem.

241 2705 407 2806 Cumque
428 2703 472 2779 de
496 2705 651 2804 strepitu
673 2702 866 2778 hominum
887 2731 953 2779 rex
976 2705 1203 2805 inquireret,
1227 2717 1256 2777 et

191 2821 280 2922 quid
298 2822 482 2896 accidisset
499 2821 659 2911 audiret,
679 2821 883 2921 apostolum
899 2821 943 2895 ad
961 2847 999 2896 se
1013 2825 1140 2896 vocari
1156 2821 1255 2907 fecit,

193 2968 232 3015 ac
248 2957 290 3014 ut
307 2939 418 3015 liliam
434 2966 535 3013 suam
548 2940 603 3038 (1)
618 2965 689 3012 una
701 2965 786 3012 cum
798 2966 931 3038 sponso
944 2944 1019 3039 ejus
1035 2937 1257 3015 benediceret

193 3059 346 3158 rogasit.
362 3054 532 3133 ,Thomas
559 3057 678 3157 itaque
704 3057 748 3129 in¹
763 3056 960 3129 thalamum
981 3082 1054 3129 una
1077 3082 1166 3129 cum
1185 3076 1258 3154 rege

124 3251 127 3256 ,
194 3177 363 3265 intravit,
378 3199 527 3248 manum
540 3199 641 3246 suam
658 3199 767 3273 super
782 3171 974 3247 amborum
990 3174 1107 3271 capita
1126 3173 1256 3272 posuit,

195 3295 316 3393 eisque
333 3295 372 3365 in
387 3293 452 3365 Dei
470 3290 638 3380 nomine,
657 3291 866 3364 memoratis
890 3286 1180 3389 patriarcharum
1197 3312 1256 3360 no-

194 3409 373 3497 minibus,
403 3435 512 3485 orans
539 3406 738 3481 benedixit.
768 3408 861 3479 Cum
887 3423 1009 3481 autem
1038 3406 1256 3504 apostoluse

198 3529 354 3602 thalamo
377 3554 535 3627 egressus
556 3525 692 3617 abiret,
716 3542 753 3601 et
773 3552 925 3624 sponsus
946 3552 1030 3599 eum
1053 3523 1255 3606 deduceret,

196 3674 316 3720 ramus
335 3646 464 3746 palmae
482 3645 609 3744 plenus
624 3645 776 3745 dactylis
794 3643 991 3745 grandibus
1012 3645 1051 3715 in
1068 3670 1181 3716 manu
1195 3644 1256 3740 ejus

197 3765 375 3863 apparuit.
395 3763 500 3837 Unde
517 3762 674 3863 gaudens
686 3763 829 3860 juvenis
842 3760 886 3833 ad
899 3785 1066 3860 sponsam
1083 3786 1186 3832 suam
1200 3782 1255 3828 cu·

198 3883 453 3982 currit,·eique
465 3881 510 3954 ad
524 3879 742 3982 gustandum
753 3879 798 3954 de
810 3879 934 3952 fructu
946 3881 1022 3976 ejus
1034 3874 1148 3949 dedit.
1162 3873 1255 3948 Cum·

316 4254 364 4313 ’ἡ
379 4278 385 4312 ι
392 4256 469 4331 filia
482 4270 552 4312 suoe.
