2894 4958
186 419 246 480 :tlt
460 417 644 479 utstoulr
665 417 969 502 Euctustasutct.

186 535 386 634 passionem
401 536 548 608 Domini
567 561 664 609 anno
681 561 764 606 cnm
786 535 896 610 Paulo
914 538 952 609 in
969 536 1139 638 gentihus
1161 566 1245 640 apo-

187 652 358 725 stolatum
370 649 516 750 adeptus
527 666 580 725 est
593 653 662 751 (1)
676 652 743 724 llic
757 678 800 724 ex
813 676 916 725 uxxn
925 651 1109 753 discipulis
1119 654 1245 729 Christi

188 792 281 838 nnus
303 765 394 854 fnit,
416 783 451 839 et
478 768 515 839 in
537 766 629 840 laetis
643 768 701 841 vel
718 765 881 842 tristibus
899 794 983 841 cum
998 768 1171 868 apostolis
1186 771 1246 845 de-

187 885 283 985 guit,
304 900 341 957 et
355 883 552 958 secundum
566 910 701 958 nomen
718 910 824 957 suum
841 884 1126 961 consolationem
1141 888 1247 959 maxi-

186 1027 284 1073 mam
297 1000 524 1075 credentibus
542 999 713 1104 praebuit.

235 1120 278 1191 ln
293 1118 420 1217 primis
437 1144 521 1191 cum
538 1116 685 1193 haberet
703 1146 848 1221 agrum,
863 1119 1025 1195 vendidit
1040 1134 1079 1194 et
1094 1120 1248 1220 pretium

187 1250 270 1309 ante
293 1235 398 1335 pedes
419 1237 665 1336 apostolorum
681 1237 815 1338 posuit.
833 1235 984 1310 Paulum
999 1252 1085 1337 post
1099 1263 1249 1312 conver·

188 1352 326 1426 sionem
354 1353 590 1428 amicabiliter
615 1352 873 1454 apprehendit,
900 1380 941 1426 ac
972 1352 1017 1426 ed
1046 1354 1247 1454 apostolos,

188 1467 320 1569 quibus
332 1469 447 1544 adhuc
462 1473 606 1572 ignotus
618 1487 656 1545 et
666 1486 848 1575 suspectus
859 1486 954 1562 erat,
969 1470 1095 1563 duxit,
1111 1473 1249 1547 seriem·

188 1612 258 1686 que
279 1589 476 1663 vocationis
501 1593 575 1689 ejus
598 1588 839 1663 nescientibus
863 1589 1055 1663 enarravit.
1082 1589 1141 1663 Ab
1166 1617 1249 1690 apo-

188 1705 288 1779 stolis
311 1706 541 1781 Antiochiam
562 1707 689 1779 missus
712 1723 784 1800 est,
803 1706 925 1808 ibique
945 1709 1099 1808 gratiam
1115 1708 1183 1782 Dei
1198 1709 1249 1781 vi·

188 1818 275 1895 dens
299 1824 337 1896 in
360 1822 542 1924 discipulis
561 1825 699 1924 gavisus
720 1841 794 1912 est,
813 1840 849 1899 et
866 1823 1033 1899 hortante
1057 1825 1122 1899 illo
1141 1826 1247 1899 multa

82 2015 88 2027 ,
187 1934 299 2043 tmha
319 1939 477 2014 Domino
502 1940 662 2040 apposita
687 1955 752 2013 est.
781 1938 869 2014 lude
892 1939 1076 2039 profectus
1098 1941 1248 2014 Tarsum

57 2078 62 2088 ·
188 2081 351 2155 quaerere
363 2057 529 2145 Saulum,
548 2059 806 2158 inventumque
817 2055 986 2156 perduxit
999 2056 1246 2147 Antiochiam,

189 2189 226 2247 et
253 2173 386 2249 ibidem
414 2203 479 2275 per
510 2191 628 2251 totum
656 2201 793 2248 annum
824 2178 1024 2252 conversati
1051 2176 1249 2253 docuerunt

188 2290 332 2364 turbam
358 2292 521 2366 multam.
550 2294 656 2365 Tunc
681 2290 733 2364 ibi
760 2292 926 2393 discipuli
952 2294 1115 2393 primum
1140 2293 1247 2369 vocati

189 2427 275 2482 sunt
292 2407 485 2483 Christiani
503 2412 575 2509 (a).

236 2525 414 2601 Barnabas
424 2542 460 2602 et
471 2527 610 2618 Saulus,
626 2530 710 2629 quia
723 2527 972 2604 misericordes
983 2543 1089 2602 erant
1101 2544 1139 2603 et
1153 2528 1247 2604 heni-

188 2645 280 2735 voli,
299 2646 540 2747 eleemosynas
556 2646 781 2721 credentium
798 2674 841 2719 ex
855 2645 1023 2747 gentihus
1036 2648 1077 2718 in
1095 2647 1247 2720 Judaeam

188 2759 361 2834 fratribus
375 2761 595 2836 detulerunt.
609 2763 802 2863 Postquam
816 2759 862 2833 ab
874 2760 1110 2862 lerosolymis
1123 2762 1245 2836 reverti

189 2895 274 2977 sunt
286 2880 428 2980 expleto
440 2880 662 2972 ministerio,
675 2894 857 2978 assumpto
870 2879 1026 2965 Joanne,
1041 2879 1107 2978 qui
1123 2904 1246 2980 cogno·

188 2996 346 3069 minatus
362 3012 415 3069 est
431 2997 593 3088 Marcus,
611 3010 714 3069 eraut
728 2993 932 3067 Antiochiae
948 2994 1044 3066 inter
1060 2993 1246 3094 prophetas

189 3129 225 3187 et
246 3113 424 3187 doctores.
450 3110 739 3186 Ministrantibus
760 3112 830 3184 illis
846 3111 1006 3185 Domino
1029 3126 1067 3183 et
1083 3114 1245 3211 jejunan-

190 3227 308 3317 tibus,
330 3228 423 3301 dixit
444 3229 598 3328 Spiritus
619 3230 769 3301 Sauctus
789 3258 798 3297 :
822 3227 1022 3328 Segregate
1044 3227 1140 3300 milti
1156 3229 1245 3301 Boo·
1271 3211 1275 3224 ’

190 3346 326 3419 nobam
349 3363 384 3419 et
408 3346 565 3420 Saulem
593 3348 631 3420 in
656 3373 748 3447 opus
778 3343 953 3444 adquod
972 3346 1160 3444 assumpsi
1179 3369 1243 3417 eos.

191 3465 290 3538 Missi
301 3463 446 3565 quidem
459 3490 479 3535 a
493 3464 632 3563 Spiritu
644 3463 776 3536 Sancto
790 3462 986 3536 Seleuciam
1000 3478 1183 3534 venerunt
1193 3514 1204 3549 ,
1216 3473 1245 3533 et

190 3582 273 3656 inde
290 3582 451 3683 Cyprum
465 3582 734 3681 navigaverunt.
750 3580 943 3679 Postquam
956 3577 1085 3676 BarJ'eu
1102 3578 1161 3676 (ὅ)
1178 3602 1244 3649 ma·

187 3725 295 3798 gum,
309 3699 373 3798 qui
388 3714 425 3771 et
441 3699 586 3799 Elymas
599 3695 798 3785 dicebatur,
812 3695 950 3768 lumine
963 3693 1006 3766 ad
1021 3710 1165 3792 tempus
1181 3691 1242 3792 pri·

188 3830 337 3901 verunt,
368 3829 404 3887 et
432 3814 595 3914 Sergium
620 3812 772 3886 Paulum
788 3809 1041 3911 proconsulem
1066 3807 1241 3881 adseram

222 4105 260 4173 (1)
280 4104 343 4157 Act.
359 4114 447 4175 apost.
463 4123 499 4172 ιν,
514 4103 736 4176 36.-(2)1tid.
754 4121 791 4171 rv,
806 4102 894 4178 37-11,
912 4118 1000 4175 ay-n,
1016 4099 1111 4156 22-26.

221 4191 259 4261 (3)
278 4191 352 4246 Liset
368 4215 374 4244 ι
391 4192 520 4265 Bary'esu.
