2916 4958
201 405 260 467 150
474 402 658 465 HISTORIA
679 401 983 468 Eccnmltsrlcs.

247 524 451 599 Anastasius
462 524 566 597 annis
581 548 634 596 111.
653 523 721 597 llio
732 522 976 625 Philippionm
992 538 1137 624 captum
1150 524 1270 599 oculis

198 641 374 743 privavit,
392 666 460 715 nec
471 639 617 716 occidit.
641 640 740 716 ldem
756 641 893 716 litteras
906 640 1147 717 Constantino
1160 668 1269 744 papae

198 761 350 835 Romam
360 756 693 857 perSclrolasticum
701 759 892 858 patricium
903 758 1140 834 etexarohum
1151 759 1269 834 ltaliae

197 872 343 969 direxit,
359 871 491 974 quibus
506 900 544 948 se
558 873 737 948 fautorem
752 873 939 951 catholicae
955 874 1059 965 fidei,
1078 876 1268 976 sanctique

197 991 287 1066 sexti
305 990 450 1065 concilii
467 990 740 1091 praedicatorem
760 1016 834 1066 ease
851 991 989 1067 docuit.
1012 991 1268 1092 [liudprandus

196 1134 260 1183 rex
284 1106 605 1210 Langobardorum
628 1110 862 1184 donationem
883 1109 1094 1210 patrimonii
1115 1108 1268 1208 Alpium

196 1219 397 1293 Gottiarnm
405 1273 417 1308 ,
435 1245 545 1320 qaum
557 1218 746 1320 Aripertus
757 1218 909 1309 fecerat,
925 1237 962 1295 et
973 1220 1033 1294 ille
1045 1221 1264 1321 repetierat,

196 1336 445 1411 admonitione
463 1335 677 1411 venerabilis
702 1363 804 1438 papae
827 1336 994 1439 Gregorii
1018 1335 1262 1411 confirmavit.

195 1451 440 1526 Wullrannus
467 1454 683 1528 Senonensis
705 1452 994 1554 archiepiaoopns
1016 1469 1054 1529 et
1073 1452 1266 1527 Fontinal-

196 1569 303 1643 lensia
325 1567 521 1643 monachus
545 1569 693 1660 floruit,
712 1585 750 1645 et
771 1568 925 1645 verbnm
950 1571 1093 1644 Domini
1121 1569 1265 1644 Flesio-

196 1682 303 1759 nibus
326 1686 547 1786 praedicans,
575 1686 689 1760 multa
713 1686 883 1760 miracula
911 1686 1011 1761 fecit.
1045 1685 1266 1760 Ecbereotus

197 1801 254 1874 vir
290 1817 433 1876 sanctus
468 1800 512 1877 de
543 1820 651 1904 gente
683 1802 913 1904 Anglornm,
948 1819 985 1876 et
1022 1801 1265 1876 sacndotium

195 1917 405 1991 monachica
429 1922 502 1992 vita
527 1921 634 1993 etiam
661 1945 729 2019 pro
751 1920 890 1994 coelesti
915 1920 1029 2020 patria
1053 1917 1265 2020 peregrinas
1310 1942 1316 1955 ·

195 2061 393 2126 exornans,
409 2036 582 2135 plurimas
592 2037 744 2110 Scoticae
758 2037 875 2137 gentis
884 2037 1087 2136 provincias
1098 2035 1143 2107 ad
1155 2059 1263 2108 aano-

146 2173 149 2183 ·
194 2155 312 2227 nicam
326 2152 497 2254 paschalis
514 2156 688 2254 temporis
705 2151 988 2245 observantiam,
1008 2180 1111 2256 aqam
1127 2151 1265 2227 diutius

195 2266 474 2358 oberraverant,
508 2271 567 2369 pia
594 2270 851 2370 praedicatione
877 2270 1060 2344 convertit
1090 2293 1190 2343 anno
1217 2266 1266 2341 ab

196 2384 447 2460 incarnatione
462 2386 610 2462 Domini
627 2388 822 2485 nccxvn0(
848 2389 878 2487 ).

243 2496 466 2574 Theodosius
488 2527 585 2576 anno
609 2513 650 2578 1⁰.
662 2502 737 2579 ¹Hic
760 2500 893 2578 electus
922 2502 960 2577 in
983 2504 1262 2602 imperatorem,

196 2613 423 2689 Anastasinm
433 2615 528 2717 apud
538 2618 697 2693 Nicaeam
709 2619 892 2694 civitatem
903 2617 1000 2718 gravi
1014 2617 1144 2718 proelio
1154 2616 1242 2689 vicit
1247 2642 1261 2703 3

193 2727 349 2832 datoque
366 2731 435 2807 sibi
453 2750 699 2826 sacramento,
718 2736 891 2810 clericum
914 2734 992 2809 lieri
1010 2758 1051 2806 ac
1070 2730 1265 2834 preshyte-

193 2868 276 2921 rum
289 2848 451 2925 ordinari
468 2851 568 2927 fecit.
587 2854 665 2954 lpse
678 2880 766 2928 vero
782 2868 824 2926 ut
836 2878 992 2954 regnum
1007 2851 1162 2955 accepit,
1178 2875 1267 2923 cum

226 3172 267 3245 (ι)
283 3172 312 3245 (l
319 3172 384 3246 juin
401 3171 572 3249 pil-ltarier
583 3172 658 3250 716.)
671 3175 709 3230 La
727 3175 844 3230 mirsion
859 3191 920 3230 aare
936 3174 1045 3247 lepaps
1060 3172 1129 3228 dont
1146 3172 1167 3227 il
1182 3173 1265 3247 a’agit

191 3259 243 3330 ici,
255 3262 346 3336 paruit
355 3250 478 3329 avoir‘en
485 3263 543 3320 lien
555 3263 794 3320 immediatement
801 3265 881 3337 apres
889 3263 1069 3338 qu'Anaatase
1080 3272 1129 3317 eut
1140 3264 1186 3317 ete
1194 3278 1265 3336 pro-

190 3344 278 3404 clame
290 3367 447 3424 empereur.
460 3351 534 3407 C'est
546 3353 563 3407 li
575 3350 714 3425 Gregoine
726 3351 755 3407 11
767 3352 815 3426 (¹9
828 3351 885 3406 mai
900 3348 1005 3426 715-13
1016 3350 1118 3405 levriar
1129 3346 1195 3426 731)
1205 3366 1265 3424 qus

190 3434 345 3509 Lintprand
357 3438 490 3493 confirma
502 3438 529 3493 ln
541 3439 717 3508 restitution,
731 3438 796 3512 deja
806 3439 872 3495 faite
888 3456 939 3512 par
949 3438 1065 3495 Aribert
1074 3438 1119 3506 11,
1133 3435 1169 3492 de
1183 3434 1265 3493 bien·

191 3524 277 3581 situla
293 3525 362 3583 dana
374 3528 414 3583 les
425 3527 510 3602 Alpes
523 3529 684 3586 Cottiennsa
696 3528 886 3603 (aujounl’hui
902 3528 943 3584 les
954 3527 1041 3601 Alpes
1054 3527 1094 3583 dn
1111 3535 1190 3582 mont
1201 3526 1265 3582 Ge·

191 3616 294 3687 neure).
315 3616 394 3672 Saint
406 3618 553 3688 Wullran‚
568 3619 673 3694 ireque
685 3619 721 3675 de
734 3620 803 3677 Sena
820 3637 880 3675 vera
891 3617 960 3693 690,
974 3619 1054 3691 apres
1072 3616 1149 3672 avoir
1164 3618 1181 3671 l
1196 3612 1265 3688 pln-

191 3705 279 3760 aieors
291 3704 410 3779 reprisea
421 3712 502 3781 porte
510 3709 536 3765 la
545 3708 641 3783 parole
648 3709 684 3765 da
692 3710 765 3766 Dian
777 3709 847 3766 dans
854 3706 882 3763 la
891 3707 982 3775 rnre,
996 3725 1024 3762 ae
1033 3707 1118 3761 retira
1129 3708 1145 3760 l
1157 3705 1263 3761 Fonte-

191 3793 264 3851 nella
282 3793 567 3871 (Saint-Wandrille)
585 3817 621 3855 en
639 3817 707 3876 719,
730 3809 759 3854 et
774 3819 792 3872 y
810 3807 925 3853 mourut
945 3814 999 3870 peu
1019 3797 1108 3869 apres.
1129 3794 1208 3850 Noua
1226 3810 1265 3849 ne

192 3900 289 3943 savona
302 3888 440 3960 pourquoi
459 3899 539 3944 notre
552 3898 652 3944 auteur
667 3907 683 3944 a
699 3888 809 3944 retardo
825 3885 893 3942 d'un
905 3905 941 3940 an
958 3884 985 3941 la
1004 3885 1118 3940 mirsion
1137 3882 1172 3939 ‹le
1190 3883 1263 3939 saint

192 3972 293 4029 Eobert
305 3991 341 4028 en
359 3961 473 4046 Eoosas,
488 3996 543 4051 que
555 3976 629 4032 Bede
643 3987 772 4051 rapporte
784 3979 800 4031 l
810 3976 917 4031 l'annee
929 3973 991 4050 716.
1011 3975 1051 4033 Ce
1062 3975 1134 4030 raim
1144 3990 1265 4047 person-

192 4080 262 4137 nage
274 4081 293 4136 y
305 4076 421 4121 mourut
437 4084 474 4122 en
486 4083 548 4141 729·
563 4066 658 4139 Voyea
671 4064 811 4122 l’IIistoire
823 4065 1030 4139 eccleliasu'que
1046 4063 1262 4137 dAugletem,

195 4152 239 4207 liv.
255 4170 282 4221 v,
299 4152 343 4208 eh.
359 4149 401 4209 23.
