2894 4958
543 453 659 515 LIBER
679 451 890 516 SECUNDUS.
1190 451 1250 524 tot
1291 402 1294 406 ‘

182 572 351 648 devotare
383 587 419 646 et
454 596 519 671 per
546 570 696 646 salutem
729 571 881 674 Augusti
912 599 1066 649 asserere
1096 579 1250 677 quodsi

183 689 353 763 silvester
375 705 518 762 taurum
540 690 694 790 erigeret
715 718 735 763 a
759 708 903 781 morte,
927 717 1053 768 omnes
1072 693 1252 794 judaicam

184 809 298 909 legem
325 807 550 881 dimitterent
577 825 614 882 et
645 807 849 882 christianae
876 810 1043 910 religioni
1072 838 1109 886 se
1131 813 1253 890 trede-

184 943 281 1001 rent.
301 927 408 1000 Tunc
421 942 563 1000 sanctus
580 952 667 1026 papa
684 953 811 1001 monus
824 953 903 999 suns
921 928 1110 1027 expandit,
1129 947 1166 1005 et
1183 958 1253 1031 po-

183 1045 262 1116 sitis
283 1043 434 1144 genibus
457 1070 541 1115 curn
564 1042 729 1144 lacrymis
749 1041 948 1117 diutissime
970 1045 1100 1119 oravit.
1125 1047 1253 1120 Finitis

184 1185 272 1234 vero
295 1157 481 1258 precibus,
507 1157 550 1230 ad
568 1160 765 1256 juvencum
785 1158 930 1232 accessit
952 1175 989 1233 et
1011 1185 1095 1232 cum
1115 1162 1251 1262 ingenti

185 1276 343 1350 clamore
359 1276 451 1349 dixit
467 1306 476 1347 r
496 1277 542 1348 In
556 1280 701 1348 nornine
712 1277 801 1350 Jesu
818 1276 970 1368 Christi,
988 1281 1053 1378 qui
1069 1307 1094 1351 a
1110 1280 1254 1355 Judaeis

184 1391 253 1496 sub
281 1394 417 1466 Pontio
439 1393 566 1466 Pilato
583 1392 745 1493 placide
769 1394 968 1487 crucfixus
990 1410 1044 1467 est
1053 1449 1066 1484 ,
1091 1422 1199 1496 surge
1222 1412 1256 1469 ct

185 1525 245 1582 sta
273 1535 356 1581 cum
385 1514 483 1582 omni
512 1510 801 1582 neunsuctudine.
833 1511 1004 1585 Protinus
1036 1513 1193 1585 surrexit
1221 1530 1257 1587 et

185 1642 329 1700 sanctus
354 1626 487 1727 praesul
514 1627 659 1699 accessit
684 1642 722 1699 et
746 1628 868 1698 omnia
893 1627 1035 1700 vincula
1060 1627 1104 1702 de
1129 1632 1257 1703 corni-

185 1745 255 1818 bus
277 1748 352 1844 ejus
369 1746 490 1819 solvit.
509 1745 553 1816 V
548 1745 620 1817 acle
629 1801 642 1834 ‚
667 1744 806 1843 inquit,
826 1771 909 1817 cum
928 1748 1030 1817 omni
1044 1764 1258 1821 mansuetu-

186 1861 274 1934 dine
294 1862 349 1934 ad
367 1877 568 1934 armentum
586 1877 698 1932 tuum.
721 1863 769 1933 Et
793 1885 879 1934 mox
905 1877 1026 1933 taurus
1048 1888 1129 1937 cum
1153 1888 1259 1937 man-

186 1978 377 2051 suetudine
388 1975 496 2050 rediit
507 1976 550 2048 ad
563 1999 707 2076 gregem
721 2003 839 2048 suum.
857 1979 963 2050 Tunc
980 2003 1105 2052 omnes
1119 1980 1255 2066 Judael,

186 2094 338 2195 pedibus
354 2099 429 2195 ejus
446 2094 648 2193 provoluti,
667 2094 941 2193 postulaverunt
956 2094 1052 2168 unda
1064 2095 1257 2194 baptismt·

189 2216 234 2286 tis
249 2213 466 2314 regenerari.

235 2334 315 2431 lpse
341 2333 450 2404 etiam
478 2330 610 2404 Helena
635 2330 794 2430 Augusta
819 2329 975 2429 publicis
1001 2356 1037 2403 se
1059 2330 1261 2430 aspectibus

189 2449 312 2522 levatis
326 2448 447 2521 aulaeis
464 2445 647 2534 exhibuit,
665 2462 702 2520 et
718 2446 832 2544 palam
847 2444 1018 2519 omnibus
1030 2472 1131 2546 pnpae
1144 2474 1259 2548 genus

188 2567 410 2655 exosculans,
421 2563 488 2636 sibi
500 2564 621 2639 locum
630 2563 945 2663 poenitentiaedari
957 2563 1111 2661 rogavit.
1127 2564 1261 2640 Eadem

189 2683 279 2758 bore
305 2683 411 2757 multi
438 2682 619 2755 daemones
645 2702 688 2753 ex
714 2679 863 2754 obsessis
889 2677 1104 2779 corporibus
1130 2686 1258 2782 egressi

188 2814 293 2888 sunt,
309 2799 495 2899 sanctique
509 2797 670 2871 Silvestri
679 2803 781 2895 jussu
795 2822 831 2870 se
841 2810 983 2872 coactos
995 2795 1092 2870 exire
1105 2798 1257 2872 confessi

188 2931 288 2988 sunt.
930 2923 932 2925 ’

237 3031 281 3104 ln
289 3031 440 3132 proelatn
449 3029 738 3103 Christianorum
748 3023 1000 3102 etludaeorum
1010 3030 1255 3121 altercatione,

185 3147 405 3247 Zenophilus
428 3163 464 3221 et
483 3147 617 3218 Craton
639 3144 813 3245 praecipui
837 3171 1000 3229 censores
1022 3163 1060 3221 et
1081 3147 1255 3221 ordinarii

183 3265 231 3338 ob
255 3265 419 3366 Angusto
440 3278 477 3337 et
498 3278 625 3336 senatu
650 3261 753 3336 electi
780 3261 948 3351 fuerunt,
976 3290 1135 3364 qnorum
1161 3290 1255 3337 unus

183 3398 262 3456 erat
278 3381 427 3456 (lroecsu
448 3396 484 3454 et
506 3380 596 3453 ulter
613 3379 772 3452 latinns.
792 3377 911 3453 Ambo
929 3382 1135 3478 peritissimi
1151 3390 1255 3456 erant

183 3515 347 3575 emtores
368 3513 406 3570 et
426 3496 562 3569 dicaces
583 3495 744 3569 veritatis
766 3510 963 3584 amatores,
983 3510 1019 3568 et
1043 3497 1082 3568 in
1104 3523 1252 3570 romana
1378 3561 1382 3570 ,

185 3617 284 3689 curia
311 3641 376 3715 per
403 3613 553 3714 longum
582 3629 721 3711 tempus
750 3609 991 3711 probatissimi
1027 3613 1254 3690 rectitudinis

185 3748 401 3821 servatores,
420 3731 650 3831 avaritiaeque
669 3743 949 3827 contemptores.
968 3726 1087 3803 Ambo
1103 3730 1253 3831 gentiles

185 3862 307 3937 mut,
320 3862 362 3920 ut
373 3861 512 3920 neutrae
527 3845 621 3946 porti
637 3869 707 3944 pro
722 3843 897 3943 religione
909 3843 1090 3932 faverent,
1107 3845 1168 3918 sed
1176 3848 1252 3944 jus-

186 3966 276 4039 titiae
294 3961 523 4039 solummodo
538 3957 703 4036 famulari
720 3960 923 4049 studerent,
943 3974 980 4034 et
996 3986 1042 4033 ue
1058 3953 1251 4037 Christiani

187 4080 241 4156 sel
255 4076 371 4155 Judaei
388 4108 456 4183 pro
474 4107 535 4156 sue
551 4095 644 4155 secta
659 4079 740 4155 illos
756 4094 938 4177 suspectos
951 4075 1138 4153 baberent.

235 4197 499 4299 Triumpbsute
523 4213 643 4274 nutem
666 4191 811 4273 Christo
835 4223 901 4297 per
929 4212 1094 4272 sanctum
1122 4198 1254 4272 Silves-
