2916 4958
252 404 311 464 130
531 352 717 462 nisroan
739 399 1045 462 scccssnsncn.
1279 469 1285 481 ,

299 518 412 593 Anno
428 544 501 620 quo
518 518 645 594 Zenon
666 519 844 618 imperare
861 521 996 617 coepit,
1017 519 1329 596 mortuochitde-

250 637 328 712 rico
355 634 557 709 Clodoveus
583 633 678 707 filius
706 637 780 732 ejus
806 635 844 706 in
871 635 986 730 Gallia
1011 662 1162 736 regnare
1186 639 1327 738 coepit,

250 755 425 855 annisque
439 777 505 824 xix
521 751 671 826 fortiter
687 778 794 849 agens
809 751 973 850 regnavit
991 754 1008 851 (
1033 754 1064 851 )

299 868 505 943 Anastasius
519 868 623 941 annis
636 893 772 941 xxvnr.
795 866 1092 942 Transamundus
1108 897 1172 944 rex
1187 867 1330 945 Vanda-

250 987 372 1060 lorum
396 986 559 1059 ecclesias
583 983 776 1058 catholicas
792 978 946 1072 clausit,
973 1000 1010 1058 et
1026 1010 1121 1058 ccxx
1140 988 1331 1089 episcopos

250 1104 360 1178 exilio
383 1101 585 1175 Sardiniam
601 1101 714 1174 misit.
734 1100 971 1202 Symmachus
992 1129 1082 1203 papa
1100 1104 1198 1177 inter
1212 1106 1339 1180 multa·

251 1219 482 1293 ecclesiarum
495 1241 604 1316 opera
612 1271 622 1305 ,
642 1243 725 1317 quae
738 1216 794 1291 vel
808 1244 828 1288 a
844 1214 1090 1291 fundamentis
1103 1223 1253 1311 crearit,
1271 1222 1329 1297 vel

250 1339 367 1437 prisca
380 1334 583 1423 renovavit,
595 1334 639 1407 ad
648 1333 795 1407 beatum
806 1336 955 1408 Petrum
968 1351 1006 1409 et
1016 1336 1166 1410 Paulum
1179 1354 1217 1413 et
1228 1366 1331 1416 sanc-

251 1471 331 1526 tum
353 1452 611 1540 Laurentium,
637 1450 854 1551 pauperihus
878 1451 1080 1526 habitacula
1100 1457 1328 1546 construxit,

251 1588 289 1647 et
305 1573 407 1647 omni
432 1596 530 1644 anno
550 1597 615 1670 per
638 1568 799 1643 Africam
820 1569 876 1643 vel
901 1570 1103 1644 Sardiniam
1128 1575 1326 1675 episcopis,

251 1689 315 1789 qui
341 1688 379 1760 in
402 1686 512 1760 exilio
534 1702 659 1774 erant,
685 1686 856 1785 pecunias
882 1702 919 1758 et
944 1699 1059 1761 vestes
1081 1690 1326 1764 ministrabat.

252 1804 480 1890 Anastasius,
500 1803 584 1902 quia
607 1800 734 1875 haeresi
752 1800 875 1875 favens
898 1801 1111 1901 Eutychetis
1133 1804 1331 1881 catholicos

253 1906 433 1996 insecutus
451 1937 527 2007 est,
547 1918 673 1993 divino
691 1919 846 1992 fulmine
861 1920 1001 2019 periit(
1027 1921 1058 2019 ).

300 2039 502 2113 Clodovens
516 2064 579 2112 rex
596 2039 822 2111 Francorum
837 2049 902 2123 atr,0
918 2064 1016 2112 anno
1033 2041 1134 2140 regni
1154 2041 1230 2130 sui,
1245 2065 1331 2115 cum

253 2155 370 2229 tribus
383 2153 564 2227 nobilium
576 2152 765 2226 millibusa
776 2151 883 2227 beato
894 2154 1060 2255 Remigio
1069 2159 1269 2232 Remorum
1280 2184 1332 2230 ar·

254 2272 484 2374 cbiepiscopo
495 2271 696 2370 baptizatus
709 2287 775 2345 est.
792 2270 929 2345 Deinde
941 2288 1024 2372 post
1039 2299 1076 2346 iv
1088 2301 1202 2349 annos
1214 2275 1331 2366 obiit,

254 2405 291 2463 et
309 2387 553 2462 Theodericus
571 2385 666 2458 filius
683 2389 757 2485 ejus
779 2387 811 2460 ei
834 2388 1014 2461 successit.
1037 2388 1120 2482 Quo
1136 2388 1331 2480 defuncto,

254 2505 459 2580 Chlotarius
471 2504 585 2578 frater
597 2509 671 2604 ejus
681 2507 1016 2605 perannostettin
1027 2505 1142 2580 Gallia
1152 2511 1330 2609 regnavit.

256 2625 364 2697 Tune
374 2620 565 2695 Gildardus
577 2637 615 2695 et
626 2623 654 2694 F
655 2622 769 2696 larius
782 2624 820 2695 in
834 2622 914 2698 sede
929 2624 1185 2727 Rotomagensi
1196 2626 1335 2703 florue-

258 2921 298 2977 tui
311 2920 427 2977 succede
436 2940 471 2977 en
481 2941 555 2977 mars
566 2920 626 2997 493.
639 2924 676 2978 Le
685 2942 784 2997 ravage
796 2923 845 2978 des
855 2922 925 2978 deux
939 2926 1115 2983 Macedoines
1126 2939 1155 2984 et
1165 2928 1201 2985 de
1210 2929 1237 2984 la
1247 2931 1339 2987 Thes·

259 3010 325 3065 satie
337 3021 379 3065 est
391 3011 426 3066 de
439 3011 545 3065 l'annde
560 3010 625 3078 4823
639 3011 665 3065 la
682 3012 859 3084 persecution
877 3011 1031 3068 d'Huneric
1049 3026 1146 3071 contre
1162 3015 1202 3072 les
1215 3017 1336 3074 catholi-

258 3116 327 3173 ques
339 3097 374 3153 dc
389 3099 450 3166 484.
465 3100 542 3153 Nous
555 3118 590 3153 ne
604 3118 728 3172 pouvons
747 3118 795 3174 pas
811 3101 935 3174 assigner
947 3102 981 3157 de
999 3103 1062 3159 date
1080 3104 1132 3161 fixe
1148 3109 1164 3161 b
1178 3105 1205 3160 la
1218 3108 1335 3164 victoire

258 3186 307 3243 sles
330 3188 464 3256 Bretons‚
489 3188 666 3244 commandes
688 3209 738 3262 par
759 3190 906 3246 Ambroise
927 3194 1070 3264 Aurdien,
1096 3213 1144 3251 sur
1166 3196 1207 3252 les
1224 3198 1334 3272 Anglo-

259 3279 374 3334 Saxone.
896 3308 898 3313 ·

294 3369 334 3438 (ι)
353 3367 390 3421 Le
402 3367 488 3439 regne
500 3364 535 3420 de
549 3366 645 3421 Zenon
656 3385 816 3441 commenta
825 3385 859 3423 en
872 3369 975 3426 sesrier
989 3375 1054 3449 474,
1067 3385 1097 3429 et
1109 3375 1180 3430 celui
1194 3374 1230 3432 de
1243 3377 1338 3434 Ciosis

261 3476 295 3513 en
309 3458 342 3524 48
350 3477 369 3510 t.
382 3458 422 3512 Ce
433 3458 529 3530 prisce
540 3476 574 3511 ne
585 3450 671 3531 r'e'gna
681 3477 729 3533 pas
740 3458 883 3529 dix-neus,
895 3463 965 3517 mais
971 3463 1088 3519 environ
1097 3476 1190 3523 trente
1199 3486 1249 3523 ans
1259 3469 1337 3541 (581-

263 3565 296 3623 27
310 3547 459 3602 novembre
470 3546 501 3601 51
509 3549 543 3618 t).

297 3637 336 3706 (a)
356 3638 400 3705 (ιι
425 3635 493 3689 avril
515 3636 600 3711 49ι-8
619 3637 713 3707 juillet
734 3637 812 3708 518).
835 3639 1021 3711 Trasamond,
1046 3645 1088 3699 roi
1109 3644 1159 3700 des
1180 3644 1335 3716 Vasatium,

263 3737 360 3782 monta
373 3744 421 3780 sur
434 3725 460 3779 le
478 3725 559 3781 trime
571 3726 596 3780 le
612 3744 643 3780 αι
666 3729 823 3802 septembre
836 3727 895 3802 496.
910 3730 951 3785 Ce
967 3731 1010 3785 fut
1026 3750 1061 3787 en
1075 3730 1128 3802 504
1143 3752 1180 3790 on
1199 3733 1253 3791 505
1266 3736 1335 3811 qn'il

264 3816 376 3890 relegas
390 3833 425 3869 en
438 3814 590 3889 Sardaigne
602 3816 675 3872 deux
688 3829 753 3873 cent
765 3818 922 3890 vingt-huit
934 3820 1058 3894 evdqnes.
1074 3824 1111 3878 Le
1127 3843 1198 3898 pape
1207 3824 1336 3898 Symma-

264 3923 319 3980 que
334 3908 379 3972 (aa
392 3903 541 3957 novembre
555 3903 658 3979 49819
667 3905 761 3976 juillet
771 3905 840 3976 5ι4)
857 3909 925 3962 etait
936 3910 1087 3983 originaire
1098 3911 1133 3966 de
1143 3923 1216 3968 cette
1226 3912 1272 3967 tte.
1287 3915 1339 3969 bes

264 3995 468 4051 constructione
481 3993 641 4068 religieuses
650 4015 705 4069 que
717 4007 798 4050 notre
807 4006 907 4052 auteur
916 3998 956 4053 lui
968 4000 1090 4057 attribue
1105 4021 1169 4058 avec
1179 4004 1287 4069 raison,
1304 4023 1340 4059 ne

265 4096 329 4140 sont
340 4102 395 4158 que
403 4083 430 4138 la
442 4081 571 4138 moindre
583 4084 673 4157 partie
685 4084 720 4139 de
732 4083 814 4140 celles
822 4085 892 4159 qu’il
905 4087 979 4144 eleva
993 4088 1164 4146 neellement.
1179 4091 1202 4146 ΙΙ
1212 4102 1254 4147 est
1266 4093 1339 4148 dou·

264 4186 331 4231 tens
342 4174 523 4251 qu'Anastase
536 4174 575 4230 ait
587 4175 632 4229 ete
643 4177 692 4230 tue
704 4190 755 4248 par
767 4171 792 4228 ia
805 4174 913 4231 sondro.
