<?xml version="1.0" encoding="UTF-8"?>
<!DOCTYPE html PUBLIC "-//W3C//DTD XHTML 1.0 Transitional//EN"
    "http://www.w3.org/TR/xhtml1/DTD/xhtml1-transitional.dtd">
<html xmlns="http://www.w3.org/1999/xhtml" xml:lang="en" lang="en">
 <head>
  <title>
</title>
<meta http-equiv="Content-Type" content="text/html;charset=utf-8" />
  <meta name='ocr-system' content='tesseract 3.04.00' />
  <meta name='ocr-capabilities' content='ocr_page ocr_carea ocr_par ocr_line ocrx_word'/>
</head>
<body>
  <div class='ocr_page' id='page_1' title='image "./ordericivitalis02deligoog/ordericivitalis02deligoog_0116.png"; bbox 0 0 2916 4958; ppageno 0'>
   <div class='ocr_carea' id='block_1_1' title="bbox 199 367 982 436">
    <p class='ocr_par' dir='ltr' id='par_1_1' title="bbox 199 367 982 436">
     <span class='ocr_line' id='line_1_1' title="bbox 199 367 982 436; baseline -0.006 -1"><span class='ocrx_word' id='word_1_1' title='bbox 199 375 257 436; x_wconf 77' lang='lat'><strong>102</strong></span> <span class='ocrx_word' id='word_1_2' title='bbox 472 370 656 431; x_wconf 74' lang='lat' dir='ltr'>HISTORIA</span> <span class='ocrx_word' id='word_1_3' title='bbox 678 367 982 435; x_wconf 74' lang='lat' dir='ltr'><strong>Ecensslssncn.</strong></span> 
     </span>
    </p>
   </div>
   <div class='ocr_carea' id='block_1_2' title="bbox 108 487 1267 1988">
    <p class='ocr_par' dir='ltr' id='par_1_2' title="bbox 108 487 1267 1988">
     <span class='ocr_line' id='line_1_2' title="bbox 244 487 1267 580; baseline 0.006 -15"><span class='ocrx_word' id='word_1_4' title='bbox 244 490 387 565; x_wconf 88' lang='lat' dir='ltr'><strong>Marcus</strong></span> <span class='ocrx_word' id='word_1_5' title='bbox 404 489 613 565; x_wconf 76' lang='lat' dir='ltr'><strong>Antoninus</strong></span> <span class='ocrx_word' id='word_1_6' title='bbox 621 489 760 580; x_wconf 88' lang='lat' dir='ltr'><strong>Verus,</strong></span> <span class='ocrx_word' id='word_1_7' title='bbox 775 516 859 566; x_wconf 85' lang='lat' dir='ltr'><strong>eum</strong></span> <span class='ocrx_word' id='word_1_8' title='bbox 869 487 1103 567; x_wconf 53' lang='lat' dir='ltr'><strong>fratre&#39;Lucio</strong></span> <span class='ocrx_word' id='word_1_9' title='bbox 1116 492 1267 571; x_wconf 77' lang='lat' dir='ltr'><strong>Aurelio</strong></span> 
     </span>
     <span class='ocr_line' id='line_1_3' title="bbox 196 605 1267 712; baseline 0.006 -30"><span class='ocrx_word' id='word_1_10' title='bbox 196 608 418 700; x_wconf 87' lang='lat' dir='ltr'><strong>Commodo,</strong></span> <span class='ocrx_word' id='word_1_11' title='bbox 438 635 553 695; x_wconf 81' lang='lat' dir='ltr'><strong>annos</strong></span> <span class='ocrx_word' id='word_1_12' title='bbox 577 632 642 683; x_wconf 79' lang='lat' dir='ltr'><strong>xix</strong></span> <span class='ocrx_word' id='word_1_13' title='bbox 664 635 803 683; x_wconf 87' lang='lat' dir='ltr'><strong>menses</strong></span> <span class='ocrx_word' id='word_1_14' title='bbox 825 605 868 685; x_wconf 82' lang='lat' dir='ltr'><strong>l1.</strong></span> <span class='ocrx_word' id='word_1_15' title='bbox 890 610 959 708; x_wconf 91' lang='lat' dir='ltr'><strong>[Hi</strong></span> <span class='ocrx_word' id='word_1_16' title='bbox 976 610 1139 709; x_wconf 86' lang='lat' dir='ltr'><strong>primum</strong></span> <span class='ocrx_word' id='word_1_17' title='bbox 1159 636 1267 712; x_wconf 75' lang='lat' dir='ltr'><strong>usquo</strong></span> 
     </span>
     <span class='ocr_line' id='line_1_4' title="bbox 190 723 1267 828; baseline 0.006 -31"><span class='ocrx_word' id='word_1_18' title='bbox 190 729 274 824; x_wconf 85' lang='lat' dir='ltr'><strong>jure</strong></span> <span class='ocrx_word' id='word_1_19' title='bbox 291 725 485 825; x_wconf 87' lang='lat' dir='ltr'><strong>imperinm</strong></span> <span class='ocrx_word' id='word_1_20' title='bbox 498 723 867 817; x_wconf 82' lang='lat' dir='ltr'><strong>administraverunt,</strong></span> <span class='ocrx_word' id='word_1_21' title='bbox 882 752 966 801; x_wconf 86' lang='lat' dir='ltr'><strong>cnm</strong></span> <span class='ocrx_word' id='word_1_22' title='bbox 992 751 1104 828; x_wconf 85' lang='lat' dir='ltr'><strong>usque</strong></span> <span class='ocrx_word' id='word_1_23' title='bbox 1126 725 1267 805; x_wconf 80' lang='lat' dir='ltr'><strong>adhoc</strong></span> 
     </span>
     <span class='ocr_line' id='line_1_5' title="bbox 108 841 1266 945; baseline 0.007 -34"><span class='ocrx_word' id='word_1_24' title='bbox 108 873 112 880; x_wconf 54' lang='lat'><strong><em>¹</em></strong></span> <span class='ocrx_word' id='word_1_25' title='bbox 196 859 336 942; x_wconf 87' lang='lat' dir='ltr'><strong>tempus</strong></span> <span class='ocrx_word' id='word_1_26' title='bbox 348 841 480 942; x_wconf 83' lang='lat' dir='ltr'><strong>singuli</strong></span> <span class='ocrx_word' id='word_1_27' title='bbox 496 843 634 945; x_wconf 79' lang='lat' dir='ltr'><strong>augusti</strong></span> <span class='ocrx_word' id='word_1_28' title='bbox 652 841 822 941; x_wconf 65' lang='lat' dir='ltr'><strong>fuerint}</strong></span> <span class='ocrx_word' id='word_1_29' title='bbox 840 842 982 919; x_wconf 87' lang='lat' dir='ltr'><strong>Bellum</strong></span> <span class='ocrx_word' id='word_1_30' title='bbox 996 841 1266 921; x_wconf 71' lang='lat' dir='ltr'><strong>deindeoouns</strong></span> 
     </span>
     <span class='ocr_line' id='line_1_6' title="bbox 194 957 1265 1060; baseline 0.002 -27"><span class='ocrx_word' id='word_1_31' title='bbox 194 957 343 1034; x_wconf 85' lang='lat' dir='ltr'><strong>Parthos</strong></span> <span class='ocrx_word' id='word_1_32' title='bbox 359 958 561 1034; x_wconf 78' lang='lat' dir='ltr'><strong>admirabili</strong></span> <span class='ocrx_word' id='word_1_33' title='bbox 577 961 713 1035; x_wconf 82' lang='lat' dir='ltr'><strong>virtute</strong></span> <span class='ocrx_word' id='word_1_34' title='bbox 735 975 774 1035; x_wconf 82' lang='lat' dir='ltr'><strong>et</strong></span> <span class='ocrx_word' id='word_1_35' title='bbox 794 958 967 1036; x_wconf 83' lang='lat' dir='ltr'><strong>felicitate</strong></span> <span class='ocrx_word' id='word_1_36' title='bbox 982 975 1181 1060; x_wconf 84' lang='lat' dir='ltr'><strong>gesserunt.</strong></span> <span class='ocrx_word' id='word_1_37' title='bbox 1199 960 1265 1059; x_wconf 84' lang='lat' dir='ltr'><strong>[ln</strong></span> 
     </span>
     <span class='ocr_line' id='line_1_7' title="bbox 194 1074 1267 1176; baseline 0.003 -29"><span class='ocrx_word' id='word_1_38' title='bbox 194 1074 276 1148; x_wconf 88' lang='lat' dir='ltr'><strong>Asia</strong></span> <span class='ocrx_word' id='word_1_39' title='bbox 291 1076 542 1175; x_wconf 89' lang='lat' dir='ltr'><strong>persecutione</strong></span> <span class='ocrx_word' id='word_1_40' title='bbox 557 1089 660 1165; x_wconf 78' lang='lat' dir='ltr'><strong>orta,</strong></span> <span class='ocrx_word' id='word_1_41' title='bbox 678 1075 901 1176; x_wconf 82' lang='lat' dir='ltr'><strong>Polycaapus</strong></span> <span class='ocrx_word' id='word_1_42' title='bbox 912 1091 949 1149; x_wconf 86' lang='lat' dir='ltr'><strong>et</strong></span> <span class='ocrx_word' id='word_1_43' title='bbox 964 1075 1114 1151; x_wconf 89' lang='lat' dir='ltr'><strong>Pionius</strong></span> <span class='ocrx_word' id='word_1_44' title='bbox 1126 1086 1267 1172; x_wconf 75' lang='lat' dir='ltr'><strong>marty·</strong></span> 
     </span>
     <span class='ocr_line' id='line_1_8' title="bbox 195 1187 1266 1291; baseline 0.006 -29"><span class='ocrx_word' id='word_1_45' title='bbox 195 1189 450 1290; x_wconf 68' lang='lat' dir='ltr'><strong>riumfenere}</strong></span> <span class='ocrx_word' id='word_1_46' title='bbox 467 1192 509 1265; x_wconf 92' lang='lat' dir='ltr'><strong>ln</strong></span> <span class='ocrx_word' id='word_1_47' title='bbox 522 1188 797 1291; x_wconf 81' lang='lat' dir='ltr'><strong>Galliaquoque</strong></span> <span class='ocrx_word' id='word_1_48' title='bbox 807 1187 999 1282; x_wconf 81' lang='lat' dir='ltr'><strong>Photinus,</strong></span> <span class='ocrx_word' id='word_1_49' title='bbox 1014 1188 1266 1290; x_wconf 78' lang='lat' dir='ltr'><strong>Lugdunensis</strong></span> 
     </span>
     <span class='ocr_line' id='line_1_9' title="bbox 194 1304 1267 1406; baseline 0.007 -30"><span class='ocrx_word' id='word_1_50' title='bbox 194 1305 341 1405; x_wconf 87' lang='lat' dir='ltr'><strong>praesul,</strong></span> <span class='ocrx_word' id='word_1_51' title='bbox 355 1305 488 1405; x_wconf 85' lang='lat' dir='ltr'><strong>aliique</strong></span> <span class='ocrx_word' id='word_1_52' title='bbox 498 1304 646 1403; x_wconf 88' lang='lat' dir='ltr'><strong>plurimi</strong></span> <span class='ocrx_word' id='word_1_53' title='bbox 654 1331 723 1405; x_wconf 90' lang='lat' dir='ltr'><strong>pro</strong></span> <span class='ocrx_word' id='word_1_54' title='bbox 734 1304 879 1383; x_wconf 82' lang='lat' dir='ltr'><strong>Christo</strong></span> <span class='ocrx_word' id='word_1_55' title='bbox 888 1305 1044 1406; x_wconf 80' lang='lat' dir='ltr'><strong>gloriose</strong></span> <span class='ocrx_word' id='word_1_56' title='bbox 1053 1305 1267 1406; x_wconf 72' lang='lat' dir='ltr'><strong>sanguinem</strong></span> 
     </span>
     <span class='ocr_line' id='line_1_10' title="bbox 194 1417 1267 1519; baseline 0.006 -26"><span class='ocrx_word' id='word_1_57' title='bbox 194 1420 332 1494; x_wconf 86' lang='lat' dir='ltr'><strong>fudere.</strong></span> <span class='ocrx_word' id='word_1_58' title='bbox 351 1417 426 1493; x_wconf 90' lang='lat' dir='ltr'><strong>Nec</strong></span> <span class='ocrx_word' id='word_1_59' title='bbox 450 1420 567 1495; x_wconf 83' lang='lat' dir='ltr'><strong>multo</strong></span> <span class='ocrx_word' id='word_1_60' title='bbox 585 1435 665 1519; x_wconf 89' lang='lat' dir='ltr'><strong>post</strong></span> <span class='ocrx_word' id='word_1_61' title='bbox 689 1422 821 1496; x_wconf 86' lang='lat' dir='ltr'><strong>vindex</strong></span> <span class='ocrx_word' id='word_1_62' title='bbox 844 1422 1032 1502; x_wconf 78' lang='lat' dir='ltr'><strong>scelerum,</strong></span> <span class='ocrx_word' id='word_1_63' title='bbox 1043 1422 1120 1501; x_wconf 83' lang='lat' dir='ltr'><strong>lues</strong></span> <span class='ocrx_word' id='word_1_64' title='bbox 1135 1422 1267 1501; x_wconf 77' lang='lat' dir='ltr'><strong>multas</strong></span> 
     </span>
     <span class='ocr_line' id='line_1_11' title="bbox 196 1534 1263 1639; baseline 0.003 -31"><span class='ocrx_word' id='word_1_65' title='bbox 196 1536 266 1609; x_wconf 89' lang='lat' dir='ltr'><strong>late</strong></span> <span class='ocrx_word' id='word_1_66' title='bbox 283 1535 506 1636; x_wconf 85' lang='lat' dir='ltr'><strong>provincias,</strong></span> <span class='ocrx_word' id='word_1_67' title='bbox 517 1534 659 1609; x_wconf 86' lang='lat' dir='ltr'><strong>ltaliam</strong></span> <span class='ocrx_word' id='word_1_68' title='bbox 668 1537 824 1621; x_wconf 84' lang='lat' dir='ltr'><strong>maxime</strong></span> <span class='ocrx_word' id='word_1_69' title='bbox 833 1588 845 1627; x_wconf 93' lang='lat'><strong>,</strong></span> <span class='ocrx_word' id='word_1_70' title='bbox 860 1540 1086 1639; x_wconf 78' lang='lat' dir='ltr'><strong>Romamque</strong></span> <span class='ocrx_word' id='word_1_71' title='bbox 1098 1539 1263 1619; x_wconf 59' lang='lat' dir='ltr'><strong>vastavit.</strong></span> 
     </span>
     <span class='ocr_line' id='line_1_12' title="bbox 194 1648 1267 1749; baseline 0.007 -24"><span class='ocrx_word' id='word_1_72' title='bbox 194 1650 375 1728; x_wconf 82' lang='lat' dir='ltr'><strong>Defuncto</strong></span> <span class='ocrx_word' id='word_1_73' title='bbox 392 1648 595 1727; x_wconf 88' lang='lat' dir='ltr'><strong>Commodo</strong></span> <span class='ocrx_word' id='word_1_74' title='bbox 620 1649 752 1738; x_wconf 85' lang='lat' dir='ltr'><strong>fratre,</strong></span> <span class='ocrx_word' id='word_1_75' title='bbox 776 1650 1002 1749; x_wconf 83' lang='lat' dir='ltr'><strong>[Antoninus</strong></span> <span class='ocrx_word' id='word_1_76' title='bbox 1023 1654 1267 1733; x_wconf 77' lang='lat' dir='ltr'><strong>Commodum</strong></span> 
     </span>
     <span class='ocr_line' id='line_1_13' title="bbox 193 1765 1266 1871; baseline -0.002 -27"><span class='ocrx_word' id='word_1_77' title='bbox 193 1769 310 1844; x_wconf 90' lang='lat' dir='ltr'><strong>filium</strong></span> <span class='ocrx_word' id='word_1_78' title='bbox 326 1794 433 1842; x_wconf 88' lang='lat' dir='ltr'><strong>suum</strong></span> <span class='ocrx_word' id='word_1_79' title='bbox 444 1785 652 1854; x_wconf 81' lang='lat' dir='ltr'><strong>consortem</strong></span> <span class='ocrx_word' id='word_1_80' title='bbox 666 1769 769 1868; x_wconf 79' lang='lat' dir='ltr'><strong>segni</strong></span> <span class='ocrx_word' id='word_1_81' title='bbox 781 1765 881 1841; x_wconf 84' lang='lat' dir='ltr'><strong>facit.</strong></span> <span class='ocrx_word' id='word_1_82' title='bbox 904 1769 1095 1851; x_wconf 82' lang='lat' dir='ltr'><strong>Antonino</strong></span> <span class='ocrx_word' id='word_1_83' title='bbox 1111 1770 1266 1871; x_wconf 75' lang='lat' dir='ltr'><strong>impera·</strong></span> 
     </span>
     <span class='ocr_line' id='line_1_14' title="bbox 196 1885 1267 1988; baseline 0.004 -27"><span class='ocrx_word' id='word_1_84' title='bbox 196 1889 266 1962; x_wconf 89' lang='lat' dir='ltr'><strong>tori</strong></span> <span class='ocrx_word' id='word_1_85' title='bbox 278 1886 405 1962; x_wconf 89' lang='lat' dir='ltr'><strong>Melito</strong></span> <span class='ocrx_word' id='word_1_86' title='bbox 423 1887 575 1960; x_wconf 84' lang='lat' dir='ltr'><strong>Asianus</strong></span> <span class='ocrx_word' id='word_1_87' title='bbox 589 1885 774 1969; x_wconf 79' lang='lat' dir='ltr'><strong>sardensis</strong></span> <span class='ocrx_word' id='word_1_88' title='bbox 785 1885 973 1985; x_wconf 84' lang='lat' dir='ltr'><strong>episcopus</strong></span> <span class='ocrx_word' id='word_1_89' title='bbox 989 1885 1267 1988; x_wconf 74' lang='lat' dir='ltr'><strong>Apologetlnsnn</strong></span> 
     </span>
    </p>
   </div>
   <div class='ocr_carea' id='block_1_3' title="bbox 192 2002 1267 2459">
    <p class='ocr_par' dir='ltr' id='par_1_3' title="bbox 192 2002 1267 2459">
     <span class='ocr_line' id='line_1_15' title="bbox 194 2002 1266 2106; baseline -0.001 -26"><span class='ocrx_word' id='word_1_90' title='bbox 194 2031 262 2106; x_wconf 89' lang='lat' dir='ltr'><strong>pro</strong></span> <span class='ocrx_word' id='word_1_91' title='bbox 278 2002 490 2079; x_wconf 86' lang='lat' dir='ltr'><strong>Christianis</strong></span> <span class='ocrx_word' id='word_1_92' title='bbox 502 2002 680 2102; x_wconf 63' lang='lat' dir='ltr'><strong>tradidit}</strong></span> <span class='ocrx_word' id='word_1_93' title='bbox 700 2003 831 2077; x_wconf 88' lang='lat' dir='ltr'><strong>Lucius</strong></span> <span class='ocrx_word' id='word_1_94' title='bbox 846 2003 1044 2090; x_wconf 72' lang='lat' dir='ltr'><strong>Britanniae</strong></span> <span class='ocrx_word' id='word_1_95' title='bbox 1056 2032 1142 2095; x_wconf 77' lang='lat' dir='ltr'><strong>rex,</strong></span> <span class='ocrx_word' id='word_1_96' title='bbox 1159 2006 1266 2085; x_wconf 82' lang='lat' dir='ltr'><strong>misas</strong></span> 
     </span>
     <span class='ocr_line' id='line_1_16' title="bbox 192 2120 1267 2222; baseline -0.015 -23"><span class='ocrx_word' id='word_1_97' title='bbox 192 2123 235 2198; x_wconf 86' lang='lat' dir='ltr'><strong>ad</strong></span> <span class='ocrx_word' id='word_1_98' title='bbox 246 2120 494 2199; x_wconf 87' lang='lat' dir='ltr'><strong>Eleutherium</strong></span> <span class='ocrx_word' id='word_1_99' title='bbox 505 2123 632 2197; x_wconf 81' lang='lat' dir='ltr'><strong>Romae</strong></span> <span class='ocrx_word' id='word_1_100' title='bbox 643 2121 853 2222; x_wconf 83' lang='lat' dir='ltr'><strong>episcopum</strong></span> <span class='ocrx_word' id='word_1_101' title='bbox 862 2122 1027 2222; x_wconf 83' lang='lat' dir='ltr'><strong>epistola,</strong></span> <span class='ocrx_word' id='word_1_102' title='bbox 1040 2139 1084 2197; x_wconf 87' lang='lat' dir='ltr'><strong>ut</strong></span> <span class='ocrx_word' id='word_1_103' title='bbox 1096 2123 1267 2204; x_wconf 56' lang='lat' dir='ltr'><strong>Christis.</strong></span> 
     </span>
     <span class='ocr_line' id='line_1_17' title="bbox 195 2222 1263 2342; baseline 0.005 -30"><span class='ocrx_word' id='word_1_104' title='bbox 195 2267 262 2316; x_wconf 88' lang='lat' dir='ltr'><strong>nus</strong></span> <span class='ocrx_word' id='word_1_105' title='bbox 274 2241 446 2314; x_wconf 86' lang='lat' dir='ltr'><strong>efficiatur</strong></span> <span class='ocrx_word' id='word_1_106' title='bbox 457 2240 637 2339; x_wconf 77' lang='lat' dir='ltr'><strong>impetrat.</strong></span> <span class='ocrx_word' id='word_1_107' title='bbox 651 2238 890 2338; x_wconf 83' lang='lat' dir='ltr'><strong>[Apollinaris</strong></span> <span class='ocrx_word' id='word_1_108' title='bbox 900 2222 1052 2316; x_wconf 86' lang='lat' dir='ltr'><strong>Asianus</strong></span> <span class='ocrx_word' id='word_1_109' title='bbox 1063 2240 1263 2342; x_wconf 80' lang='lat' dir='ltr'><strong>Hierapoli,</strong></span> 
     </span>
     <span class='ocr_line' id='line_1_18' title="bbox 193 2354 1232 2459; baseline -0.002 -26"><span class='ocrx_word' id='word_1_110' title='bbox 193 2373 230 2433; x_wconf 85' lang='lat' dir='ltr'><strong>et</strong></span> <span class='ocrx_word' id='word_1_111' title='bbox 246 2358 440 2459; x_wconf 86' lang='lat' dir='ltr'><strong>Dionysius</strong></span> <span class='ocrx_word' id='word_1_112' title='bbox 456 2354 644 2446; x_wconf 80' lang='lat' dir='ltr'><strong>Corinthi,</strong></span> <span class='ocrx_word' id='word_1_113' title='bbox 663 2355 749 2429; x_wconf 85' lang='lat' dir='ltr'><strong>clari</strong></span> <span class='ocrx_word' id='word_1_114' title='bbox 766 2354 947 2431; x_wconf 84' lang='lat' dir='ltr'><strong>habentur</strong></span> <span class='ocrx_word' id='word_1_115' title='bbox 964 2357 1121 2458; x_wconf 83' lang='lat' dir='ltr'><strong>episoopi</strong></span> <span class='ocrx_word' id='word_1_116' title='bbox 1139 2358 1232 2457; x_wconf 82' lang='lat' dir='ltr'><strong>(s)].</strong></span> 
     </span>
    </p>
   </div>
   <div class='ocr_carea' id='block_1_4' title="bbox 188 2618 1310 4209">
    <p class='ocr_par' dir='ltr' id='par_1_4' title="bbox 192 2618 1310 3404">
     <span class='ocr_line' id='line_1_19' title="bbox 193 2618 1267 2696; baseline 0.001 -19"><span class='ocrx_word' id='word_1_117' title='bbox 193 2621 288 2679; x_wconf 82' lang='lat' dir='ltr'><strong>lustin</strong></span> <span class='ocrx_word' id='word_1_118' title='bbox 307 2631 357 2677; x_wconf 87' lang='lat' dir='ltr'><strong>eut</strong></span> <span class='ocrx_word' id='word_1_119' title='bbox 381 2621 439 2679; x_wconf 83' lang='lat' dir='ltr'><strong>lien</strong></span> <span class='ocrx_word' id='word_1_120' title='bbox 460 2638 496 2676; x_wconf 85' lang='lat' dir='ltr'><strong>en</strong></span> <span class='ocrx_word' id='word_1_121' title='bbox 519 2619 582 2696; x_wconf 59' lang='grc' dir='ltr'><strong>ιθ),</strong></span> <span class='ocrx_word' id='word_1_122' title='bbox 609 2636 673 2676; x_wconf 82' lang='lat' dir='ltr'><strong>sous</strong></span> <span class='ocrx_word' id='word_1_123' title='bbox 695 2619 721 2675; x_wconf 89' lang='lat' dir='ltr'><strong>le</strong></span> <span class='ocrx_word' id='word_1_124' title='bbox 742 2618 888 2693; x_wconf 79' lang='lat' dir='ltr'><strong>pontifiest</strong></span> <span class='ocrx_word' id='word_1_125' title='bbox 914 2618 1043 2676; x_wconf 83' lang='lat' dir='ltr'><strong>d&#39;Anisat</strong></span> <span class='ocrx_word' id='word_1_126' title='bbox 1066 2629 1097 2677; x_wconf 81' lang='lat' dir='ltr'><strong>st</strong></span> <span class='ocrx_word' id='word_1_127' title='bbox 1120 2637 1178 2677; x_wconf 87' lang='lat' dir='ltr'><strong>non</strong></span> <span class='ocrx_word' id='word_1_128' title='bbox 1200 2638 1267 2679; x_wconf 87' lang='lat' dir='ltr'><strong>sons</strong></span> 
     </span>
     <span class='ocr_line' id='line_1_20' title="bbox 196 2704 1265 2787; baseline 0.001 -21"><span class='ocrx_word' id='word_1_129' title='bbox 196 2709 267 2767; x_wconf 88' lang='lat' dir='ltr'><strong>oelui</strong></span> <span class='ocrx_word' id='word_1_130' title='bbox 278 2709 314 2766; x_wconf 88' lang='lat' dir='ltr'><strong>de</strong></span> <span class='ocrx_word' id='word_1_131' title='bbox 326 2710 376 2767; x_wconf 89' lang='lat' dir='ltr'><strong>Pie</strong></span> <span class='ocrx_word' id='word_1_132' title='bbox 389 2710 436 2779; x_wconf 79' lang='lat'><strong>1·,</strong></span> <span class='ocrx_word' id='word_1_133' title='bbox 450 2719 527 2767; x_wconf 83' lang='lat' dir='ltr'><strong>most</strong></span> <span class='ocrx_word' id='word_1_134' title='bbox 538 2708 585 2765; x_wconf 84' lang='lat' dir='ltr'><strong>dix</strong></span> <span class='ocrx_word' id='word_1_135' title='bbox 597 2725 647 2765; x_wconf 87' lang='lat' dir='ltr'><strong>ans</strong></span> <span class='ocrx_word' id='word_1_136' title='bbox 659 2711 886 2783; x_wconf 84' lang='lat' dir='ltr'><strong>anparasant(11</strong></span> <span class='ocrx_word' id='word_1_137' title='bbox 898 2709 994 2783; x_wconf 79' lang='lat' dir='ltr'><strong>juillet¹</strong></span> <span class='ocrx_word' id='word_1_138' title='bbox 1008 2708 1056 2787; x_wconf 79' lang='lat'><strong>157</strong></span> <span class='ocrx_word' id='word_1_139' title='bbox 1063 2704 1076 2782; x_wconf 76' lang='grc'><strong>1)</strong></span> <span class='ocrx_word' id='word_1_140' title='bbox 1083 2733 1092 2781; x_wconf 86' lang='lat'>;</span> <span class='ocrx_word' id='word_1_141' title='bbox 1102 2729 1156 2785; x_wconf 84' lang='lat' dir='ltr'><strong>par</strong></span> <span class='ocrx_word' id='word_1_142' title='bbox 1164 2714 1265 2779; x_wconf 66' lang='lat' dir='ltr'><strong>oo&#39;nsl·</strong></span> 
     </span>
     <span class='ocr_line' id='line_1_21' title="bbox 195 2798 1265 2877; baseline 0.001 -20"><span class='ocrx_word' id='word_1_143' title='bbox 195 2813 283 2877; x_wconf 88' lang='lat' dir='ltr'><strong>quent</strong></span> <span class='ocrx_word' id='word_1_144' title='bbox 295 2800 316 2857; x_wconf 91' lang='lat' dir='ltr'><strong>il</strong></span> <span class='ocrx_word' id='word_1_145' title='bbox 329 2801 514 2875; x_wconf 85' lang='lat' dir='ltr'><strong>n’appartient</strong></span> <span class='ocrx_word' id='word_1_146' title='bbox 526 2817 574 2873; x_wconf 88' lang='lat' dir='ltr'><strong>pas</strong></span> <span class='ocrx_word' id='word_1_147' title='bbox 587 2802 603 2854; x_wconf 68' lang='lat' dir='ltr'><strong>A</strong></span> <span class='ocrx_word' id='word_1_148' title='bbox 614 2818 645 2854; x_wconf 85' lang='lat' dir='ltr'><strong>ee</strong></span> <span class='ocrx_word' id='word_1_149' title='bbox 658 2800 757 2873; x_wconf 75' lang='lat' dir='ltr'><strong>regne,</strong></span> <span class='ocrx_word' id='word_1_150' title='bbox 771 2799 840 2854; x_wconf 88' lang='lat' dir='ltr'><strong>mais</strong></span> <span class='ocrx_word' id='word_1_151' title='bbox 853 2802 867 2853; x_wconf 76' lang='lat' dir='ltr'><strong>a</strong></span> <span class='ocrx_word' id='word_1_152' title='bbox 878 2798 949 2856; x_wconf 82' lang='lat' dir='ltr'><strong>celui</strong></span> <span class='ocrx_word' id='word_1_153' title='bbox 959 2799 995 2855; x_wconf 84' lang='lat' dir='ltr'><strong>de</strong></span> <span class='ocrx_word' id='word_1_154' title='bbox 1005 2800 1211 2858; x_wconf 74' lang='lat' dir='ltr'><strong>Marc-Aurdle.</strong></span> <span class='ocrx_word' id='word_1_155' title='bbox 1226 2802 1265 2858; x_wconf 71' lang='lat' dir='ltr'><strong>Ie</strong></span> 
     </span>
     <span class='ocr_line' id='line_1_22' title="bbox 195 2887 1265 2962; baseline 0 -16"><span class='ocrx_word' id='word_1_156' title='bbox 195 2891 263 2947; x_wconf 84' lang='lat' dir='ltr'><strong>livre</strong></span> <span class='ocrx_word' id='word_1_157' title='bbox 274 2890 314 2946; x_wconf 90' lang='lat' dir='ltr'><strong>dn</strong></span> <span class='ocrx_word' id='word_1_158' title='bbox 333 2892 449 2947; x_wconf 90' lang='lat' dir='ltr'><strong>Pastenr</strong></span> <span class='ocrx_word' id='word_1_159' title='bbox 466 2889 537 2945; x_wconf 88' lang='lat' dir='ltr'><strong>n&#39;est</strong></span> <span class='ocrx_word' id='word_1_160' title='bbox 548 2907 597 2962; x_wconf 85' lang='lat' dir='ltr'><strong>pas</strong></span> <span class='ocrx_word' id='word_1_161' title='bbox 609 2887 644 2943; x_wconf 89' lang='lat' dir='ltr'><strong>de</strong></span> <span class='ocrx_word' id='word_1_162' title='bbox 656 2888 729 2943; x_wconf 90' lang='lat' dir='ltr'><strong>saint</strong></span> <span class='ocrx_word' id='word_1_163' title='bbox 740 2889 872 2957; x_wconf 75' lang='lat' dir='ltr'><strong>Hermes,</strong></span> <span class='ocrx_word' id='word_1_164' title='bbox 894 2890 961 2961; x_wconf 74' lang='lat' dir='ltr'><strong>pere</strong></span> <span class='ocrx_word' id='word_1_165' title='bbox 978 2888 1013 2944; x_wconf 92' lang='lat' dir='ltr'><strong>de</strong></span> <span class='ocrx_word' id='word_1_166' title='bbox 1030 2889 1080 2944; x_wconf 84' lang='lat' dir='ltr'><strong>Pie</strong></span> <span class='ocrx_word' id='word_1_167' title='bbox 1097 2889 1126 2957; x_wconf 93' lang='lat' dir='ltr'><strong>I,</strong></span> <span class='ocrx_word' id='word_1_168' title='bbox 1140 2889 1211 2945; x_wconf 84' lang='lat' dir='ltr'><strong>maia</strong></span> <span class='ocrx_word' id='word_1_169' title='bbox 1227 2888 1265 2947; x_wconf 84' lang='lat' dir='ltr'><strong>de</strong></span> 
     </span>
     <span class='ocr_line' id='line_1_23' title="bbox 195 2977 1310 3053; baseline -0.002 -14"><span class='ocrx_word' id='word_1_170' title='bbox 195 2984 267 3039; x_wconf 85' lang='lat' dir='ltr'><strong>saint</strong></span> <span class='ocrx_word' id='word_1_171' title='bbox 284 2983 416 3050; x_wconf 81' lang='lat' dir='ltr'><strong>Hermas,</strong></span> <span class='ocrx_word' id='word_1_172' title='bbox 436 2979 552 3053; x_wconf 83' lang='lat' dir='ltr'><strong>disciple</strong></span> <span class='ocrx_word' id='word_1_173' title='bbox 568 2977 617 3035; x_wconf 88' lang='lat' dir='ltr'><strong>‹les</strong></span> <span class='ocrx_word' id='word_1_174' title='bbox 630 2977 749 3052; x_wconf 77' lang='lat' dir='ltr'><strong>apdtres.</strong></span> <span class='ocrx_word' id='word_1_175' title='bbox 769 2977 794 3032; x_wconf 94' lang='lat' dir='ltr'><strong>ll</strong></span> <span class='ocrx_word' id='word_1_176' title='bbox 812 2996 847 3035; x_wconf 82' lang='lat' dir='ltr'><strong>ns</strong></span> <span class='ocrx_word' id='word_1_177' title='bbox 863 2979 990 3038; x_wconf 81' lang='lat' dir='ltr'><strong>contient</strong></span> <span class='ocrx_word' id='word_1_178' title='bbox 1005 2979 1067 3035; x_wconf 83' lang='lat' dir='ltr'><strong>rien</strong></span> <span class='ocrx_word' id='word_1_179' title='bbox 1084 2979 1119 3035; x_wconf 88' lang='lat' dir='ltr'><strong>de</strong></span> <span class='ocrx_word' id='word_1_180' title='bbox 1139 2978 1265 3051; x_wconf 73' lang='lat' dir='ltr'><strong>relatill</strong></span> <span class='ocrx_word' id='word_1_181' title='bbox 1307 3007 1310 3013; x_wconf 95' lang='lat'>·</span> 
     </span>
     <span class='ocr_line' id='line_1_24' title="bbox 193 3065 1263 3146; baseline -0.007 -19"><span class='ocrx_word' id='word_1_182' title='bbox 193 3072 320 3146; x_wconf 75' lang='lat' dir='ltr'><strong>l’epoqne</strong></span> <span class='ocrx_word' id='word_1_183' title='bbox 332 3069 367 3125; x_wconf 92' lang='lat' dir='ltr'><strong>de</strong></span> <span class='ocrx_word' id='word_1_184' title='bbox 377 3069 405 3124; x_wconf 88' lang='lat' dir='ltr'><strong>la</strong></span> <span class='ocrx_word' id='word_1_185' title='bbox 416 3067 586 3124; x_wconf 77' lang='lat' dir='ltr'><strong>celebration</strong></span> <span class='ocrx_word' id='word_1_186' title='bbox 598 3066 634 3122; x_wconf 90' lang='lat' dir='ltr'><strong>de</strong></span> <span class='ocrx_word' id='word_1_187' title='bbox 645 3065 672 3122; x_wconf 93' lang='lat' dir='ltr'><strong>la</strong></span> <span class='ocrx_word' id='word_1_188' title='bbox 685 3066 785 3140; x_wconf 79' lang='lat' dir='ltr'><strong>paique.</strong></span> <span class='ocrx_word' id='word_1_189' title='bbox 799 3066 837 3122; x_wconf 81' lang='lat' dir='ltr'><strong>Le</strong></span> <span class='ocrx_word' id='word_1_190' title='bbox 850 3083 952 3139; x_wconf 79' lang='lat' dir='ltr'><strong>voyage</strong></span> <span class='ocrx_word' id='word_1_191' title='bbox 965 3066 1000 3121; x_wconf 83' lang='lat' dir='ltr'><strong>de</strong></span> <span class='ocrx_word' id='word_1_192' title='bbox 1011 3067 1085 3123; x_wconf 82' lang='lat' dir='ltr'><strong>saint</strong></span> <span class='ocrx_word' id='word_1_193' title='bbox 1094 3065 1263 3141; x_wconf 81' lang='lat' dir='ltr'><strong>Polyosrpe,</strong></span> 
     </span>
     <span class='ocr_line' id='line_1_25' title="bbox 194 3151 1264 3234; baseline -0.003 -20"><span class='ocrx_word' id='word_1_194' title='bbox 194 3159 298 3234; x_wconf 75' lang='lat' dir='ltr'><strong>eaeque</strong></span> <span class='ocrx_word' id='word_1_195' title='bbox 310 3156 346 3214; x_wconf 87' lang='lat' dir='ltr'><strong>de</strong></span> <span class='ocrx_word' id='word_1_196' title='bbox 355 3157 482 3230; x_wconf 86' lang='lat' dir='ltr'><strong>Smyrne,</strong></span> <span class='ocrx_word' id='word_1_197' title='bbox 495 3154 609 3211; x_wconf 82' lang='lat' dir='ltr'><strong>ltRome</strong></span> <span class='ocrx_word' id='word_1_198' title='bbox 620 3173 656 3210; x_wconf 89' lang='lat' dir='ltr'><strong>en</strong></span> <span class='ocrx_word' id='word_1_199' title='bbox 672 3151 739 3223; x_wconf 81' lang='lat'><strong>158,</strong></span> <span class='ocrx_word' id='word_1_200' title='bbox 753 3163 848 3209; x_wconf 86' lang='lat' dir='ltr'><strong>eutau</strong></span> <span class='ocrx_word' id='word_1_201' title='bbox 857 3154 995 3209; x_wconf 74' lang='lat' dir='ltr'><strong>conualre</strong></span> <span class='ocrx_word' id='word_1_202' title='bbox 1004 3170 1076 3226; x_wconf 84' lang='lat' dir='ltr'><strong>pour</strong></span> <span class='ocrx_word' id='word_1_203' title='bbox 1084 3153 1136 3208; x_wconf 89' lang='lat' dir='ltr'><strong>but</strong></span> <span class='ocrx_word' id='word_1_204' title='bbox 1144 3153 1180 3210; x_wconf 89' lang='lat' dir='ltr'><strong>de</strong></span> <span class='ocrx_word' id='word_1_205' title='bbox 1191 3155 1264 3211; x_wconf 85' lang='lat' dir='ltr'><strong>s’su·</strong></span> 
     </span>
     <span class='ocr_line' id='line_1_26' title="bbox 192 3240 1265 3318; baseline -0.004 -13"><span class='ocrx_word' id='word_1_206' title='bbox 192 3246 291 3305; x_wconf 81' lang='lat' dir='ltr'><strong>tendre</strong></span> <span class='ocrx_word' id='word_1_207' title='bbox 300 3263 363 3302; x_wconf 85' lang='lat' dir='ltr'><strong>avec</strong></span> <span class='ocrx_word' id='word_1_208' title='bbox 370 3244 396 3312; x_wconf 87' lang='lat' dir='ltr'><strong>le</strong></span> <span class='ocrx_word' id='word_1_209' title='bbox 408 3261 479 3318; x_wconf 85' lang='lat' dir='ltr'><strong>pape</strong></span> <span class='ocrx_word' id='word_1_210' title='bbox 490 3243 593 3299; x_wconf 62' lang='lat' dir='ltr'><strong>Anien</strong></span> <span class='ocrx_word' id='word_1_211' title='bbox 603 3260 652 3297; x_wconf 88' lang='lat' dir='ltr'><strong>sur</strong></span> <span class='ocrx_word' id='word_1_212' title='bbox 661 3251 734 3298; x_wconf 82' lang='lat' dir='ltr'><strong>oette</strong></span> <span class='ocrx_word' id='word_1_213' title='bbox 746 3241 885 3316; x_wconf 77' lang='lat' dir='ltr'><strong>question.</strong></span> <span class='ocrx_word' id='word_1_214' title='bbox 898 3243 950 3297; x_wconf 87' lang='lat' dir='ltr'><strong>Les</strong></span> <span class='ocrx_word' id='word_1_215' title='bbox 961 3259 1073 3299; x_wconf 87' lang='lat' dir='ltr'><strong>erreurs</strong></span> <span class='ocrx_word' id='word_1_216' title='bbox 1082 3241 1118 3297; x_wconf 91' lang='lat' dir='ltr'><strong>de</strong></span> <span class='ocrx_word' id='word_1_217' title='bbox 1128 3240 1265 3301; x_wconf 79' lang='lat' dir='ltr'><strong>valentin</strong></span> 
     </span>
     <span class='ocr_line' id='line_1_27' title="bbox 193 3329 1223 3404; baseline -0.015 -12"><span class='ocrx_word' id='word_1_218' title='bbox 193 3345 223 3392; x_wconf 86' lang='lat' dir='ltr'><strong>et</strong></span> <span class='ocrx_word' id='word_1_219' title='bbox 234 3334 269 3392; x_wconf 84' lang='lat' dir='ltr'><strong>de</strong></span> <span class='ocrx_word' id='word_1_220' title='bbox 280 3332 393 3392; x_wconf 88' lang='lat' dir='ltr'><strong>Cerdon</strong></span> <span class='ocrx_word' id='word_1_221' title='bbox 407 3332 511 3399; x_wconf 75' lang='lat' dir='ltr'><strong>etaient</strong></span> <span class='ocrx_word' id='word_1_222' title='bbox 522 3330 585 3403; x_wconf 77' lang='lat' dir='ltr'><strong>ddja</strong></span> <span class='ocrx_word' id='word_1_223' title='bbox 596 3329 780 3386; x_wconf 76' lang='lat' dir='ltr'><strong>condamndes</strong></span> <span class='ocrx_word' id='word_1_224' title='bbox 792 3329 890 3404; x_wconf 85' lang='lat' dir='ltr'><strong>depuis</strong></span> <span class='ocrx_word' id='word_1_225' title='bbox 901 3329 1040 3404; x_wconf 84' lang='lat' dir='ltr'><strong>plusieurs</strong></span> <span class='ocrx_word' id='word_1_226' title='bbox 1050 3331 1162 3391; x_wconf 68' lang='lat' dir='ltr'><strong>sandes</strong></span> <span class='ocrx_word' id='word_1_227' title='bbox 1220 3370 1223 3377; x_wconf 95' lang='lat'><em>.</em></span> 
     </span>
    </p>

    <p class='ocr_par' dir='ltr' id='par_1_5' title="bbox 193 3418 1265 3583">
     <span class='ocr_line' id='line_1_28' title="bbox 226 3418 1265 3499; baseline -0.002 -18"><span class='ocrx_word' id='word_1_228' title='bbox 226 3424 267 3481; x_wconf 89' lang='lat' dir='ltr'><strong>Ce</strong></span> <span class='ocrx_word' id='word_1_229' title='bbox 273 3422 451 3499; x_wconf 76' lang='lat' dir='ltr'><strong>paragrapho</strong></span> <span class='ocrx_word' id='word_1_230' title='bbox 462 3431 520 3490; x_wconf 85' lang='lat' dir='ltr'><strong>est,</strong></span> <span class='ocrx_word' id='word_1_231' title='bbox 535 3437 643 3476; x_wconf 88' lang='lat' dir='ltr'><strong>comme</strong></span> <span class='ocrx_word' id='word_1_232' title='bbox 656 3419 682 3475; x_wconf 87' lang='lat' dir='ltr'><strong>la</strong></span> <span class='ocrx_word' id='word_1_233' title='bbox 694 3418 809 3494; x_wconf 86' lang='lat' dir='ltr'><strong>plupart</strong></span> <span class='ocrx_word' id='word_1_234' title='bbox 819 3419 855 3477; x_wconf 87' lang='lat' dir='ltr'><strong>de</strong></span> <span class='ocrx_word' id='word_1_235' title='bbox 864 3438 933 3477; x_wconf 81' lang='lat' dir='ltr'><strong>senx</strong></span> <span class='ocrx_word' id='word_1_236' title='bbox 945 3420 994 3494; x_wconf 83' lang='lat' dir='ltr'><strong>qui</strong></span> <span class='ocrx_word' id='word_1_237' title='bbox 1005 3419 1158 3493; x_wconf 78' lang='lat' dir='ltr'><strong>precedent</strong></span> <span class='ocrx_word' id='word_1_238' title='bbox 1172 3420 1265 3495; x_wconf 77' lang='lat' dir='ltr'><strong>etqui</strong></span> 
     </span>
     <span class='ocr_line' id='line_1_29' title="bbox 193 3509 810 3583; baseline -0.01 -14"><span class='ocrx_word' id='word_1_239' title='bbox 193 3515 317 3582; x_wconf 85' lang='lat' dir='ltr'><strong>suivent,</strong></span> <span class='ocrx_word' id='word_1_240' title='bbox 327 3511 525 3568; x_wconf 70' lang='lat' dir='ltr'><strong>litter-alemant</strong></span> <span class='ocrx_word' id='word_1_241' title='bbox 536 3510 686 3583; x_wconf 73' lang='lat' dir='ltr'><strong>emprnntd</strong></span> <span class='ocrx_word' id='word_1_242' title='bbox 697 3512 714 3565; x_wconf 72' lang='lat' dir='ltr'><strong>a</strong></span> <span class='ocrx_word' id='word_1_243' title='bbox 726 3509 810 3566; x_wconf 78' lang='lat' dir='ltr'><strong>sede.</strong></span> 
     </span>
    </p>

    <p class='ocr_par' dir='ltr' id='par_1_6' title="bbox 188 3598 1266 4209">
     <span class='ocr_line' id='line_1_30' title="bbox 226 3598 1265 3679; baseline -0.001 -22"><span class='ocrx_word' id='word_1_244' title='bbox 226 3603 266 3675; x_wconf 86' lang='grc' dir='ltr'><strong>(ι)</strong></span> <span class='ocrx_word' id='word_1_245' title='bbox 284 3604 316 3679; x_wconf 86' lang='lat'><strong>(7</strong></span> <span class='ocrx_word' id='word_1_246' title='bbox 332 3619 406 3657; x_wconf 87' lang='lat' dir='ltr'><strong>mara</strong></span> <span class='ocrx_word' id='word_1_247' title='bbox 430 3600 529 3677; x_wconf 82' lang='lat'>161-17</span> <span class='ocrx_word' id='word_1_248' title='bbox 547 3600 712 3673; x_wconf 76' lang='lat' dir='ltr'><strong>marsallo).</strong></span> <span class='ocrx_word' id='word_1_249' title='bbox 734 3601 787 3658; x_wconf 86' lang='lat' dir='ltr'><strong>Cea</strong></span> <span class='ocrx_word' id='word_1_250' title='bbox 801 3599 874 3657; x_wconf 80' lang='lat' dir='ltr'><strong>dens</strong></span> <span class='ocrx_word' id='word_1_251' title='bbox 889 3600 1003 3674; x_wconf 82' lang='lat' dir='ltr'><strong>prinoss</strong></span> <span class='ocrx_word' id='word_1_252' title='bbox 1015 3617 1051 3655; x_wconf 85' lang='lat' dir='ltr'><strong>na</strong></span> <span class='ocrx_word' id='word_1_253' title='bbox 1066 3608 1188 3672; x_wconf 74' lang='lat' dir='ltr'><strong>pensent</strong></span> <span class='ocrx_word' id='word_1_254' title='bbox 1203 3598 1265 3656; x_wconf 70' lang='lat' dir='ltr'><strong>dtas</strong></span> 
     </span>
     <span class='ocr_line' id='line_1_31' title="bbox 193 3685 1265 3764; baseline -0.002 -19"><span class='ocrx_word' id='word_1_255' title='bbox 193 3689 318 3764; x_wconf 75' lang='lat' dir='ltr'><strong>qualifids</strong></span> <span class='ocrx_word' id='word_1_256' title='bbox 335 3688 370 3745; x_wconf 86' lang='lat' dir='ltr'><strong>de</strong></span> <span class='ocrx_word' id='word_1_257' title='bbox 388 3689 475 3746; x_wconf 76' lang='lat' dir='ltr'><strong>freres</strong></span> <span class='ocrx_word' id='word_1_258' title='bbox 491 3707 546 3764; x_wconf 88' lang='lat' dir='ltr'><strong>que</strong></span> <span class='ocrx_word' id='word_1_259' title='bbox 565 3705 673 3745; x_wconf 87' lang='lat' dir='ltr'><strong>comme</strong></span> <span class='ocrx_word' id='word_1_260' title='bbox 693 3700 776 3764; x_wconf 83' lang='lat' dir='ltr'><strong>ayant</strong></span> <span class='ocrx_word' id='word_1_261' title='bbox 787 3691 831 3744; x_wconf 72' lang='lat' dir='ltr'><strong>ete</strong></span> <span class='ocrx_word' id='word_1_262' title='bbox 842 3688 901 3744; x_wconf 87' lang='lat' dir='ltr'><strong>l’nn</strong></span> <span class='ocrx_word' id='word_1_263' title='bbox 919 3697 949 3744; x_wconf 86' lang='lat' dir='ltr'><strong>et</strong></span> <span class='ocrx_word' id='word_1_264' title='bbox 960 3688 1058 3745; x_wconf 86' lang='lat' dir='ltr'><strong>l&#39;antre</strong></span> <span class='ocrx_word' id='word_1_265' title='bbox 1080 3687 1123 3743; x_wconf 86' lang='lat' dir='ltr'><strong>fila</strong></span> <span class='ocrx_word' id='word_1_266' title='bbox 1143 3685 1265 3761; x_wconf 76' lang='lat' dir='ltr'><strong>adopnta</strong></span> 
     </span>
     <span class='ocr_line' id='line_1_32' title="bbox 192 3772 1265 3852; baseline -0.003 -18"><span class='ocrx_word' id='word_1_267' title='bbox 192 3777 345 3834; x_wconf 84' lang='lat' dir='ltr'><strong>d’Antonin</strong></span> <span class='ocrx_word' id='word_1_268' title='bbox 362 3776 422 3833; x_wconf 90' lang='lat' dir='ltr'><strong>Pie.</strong></span> <span class='ocrx_word' id='word_1_269' title='bbox 438 3775 485 3834; x_wconf 86' lang='lat' dir='ltr'><strong>On</strong></span> <span class='ocrx_word' id='word_1_270' title='bbox 498 3777 555 3833; x_wconf 84' lang='lat' dir='ltr'><strong>voit</strong></span> <span class='ocrx_word' id='word_1_271' title='bbox 571 3775 672 3851; x_wconf 83' lang='lat' dir='ltr'><strong>parles</strong></span> <span class='ocrx_word' id='word_1_272' title='bbox 685 3776 761 3832; x_wconf 82' lang='lat' dir='ltr'><strong>dates</strong></span> <span class='ocrx_word' id='word_1_273' title='bbox 773 3778 823 3852; x_wconf 87' lang='lat' dir='ltr'><strong>qni</strong></span> <span class='ocrx_word' id='word_1_274' title='bbox 836 3774 986 3850; x_wconf 70' lang='lat' dir='ltr'><strong>precedent</strong></span> <span class='ocrx_word' id='word_1_275' title='bbox 1001 3793 1057 3849; x_wconf 87' lang='lat' dir='ltr'><strong>qne</strong></span> <span class='ocrx_word' id='word_1_276' title='bbox 1076 3773 1103 3831; x_wconf 89' lang='lat' dir='ltr'><strong>le</strong></span> <span class='ocrx_word' id='word_1_277' title='bbox 1120 3775 1209 3848; x_wconf 73' lang='lat' dir='ltr'><strong>regns</strong></span> <span class='ocrx_word' id='word_1_278' title='bbox 1225 3772 1265 3831; x_wconf 83' lang='lat' dir='ltr'><strong>do</strong></span> 
     </span>
     <span class='ocr_line' id='line_1_33' title="bbox 194 3864 1266 3942; baseline -0.001 -20"><span class='ocrx_word' id='word_1_279' title='bbox 194 3866 385 3922; x_wconf 75' lang='lat' dir='ltr'><strong>Marc-Aurele</strong></span> <span class='ocrx_word' id='word_1_280' title='bbox 400 3885 435 3922; x_wconf 88' lang='lat' dir='ltr'><strong>ne</strong></span> <span class='ocrx_word' id='word_1_281' title='bbox 445 3866 489 3923; x_wconf 84' lang='lat' dir='ltr'><strong>fut</strong></span> <span class='ocrx_word' id='word_1_282' title='bbox 501 3885 557 3942; x_wconf 91' lang='lat' dir='ltr'><strong>que</strong></span> <span class='ocrx_word' id='word_1_283' title='bbox 568 3865 604 3923; x_wconf 88' lang='lat' dir='ltr'><strong>de</strong></span> <span class='ocrx_word' id='word_1_284' title='bbox 616 3865 749 3923; x_wconf 75' lang='lat' dir='ltr'><strong>dir-neus</strong></span> <span class='ocrx_word' id='word_1_285' title='bbox 758 3884 807 3923; x_wconf 86' lang='lat' dir='ltr'><strong>ans</strong></span> <span class='ocrx_word' id='word_1_286' title='bbox 820 3866 868 3924; x_wconf 85' lang='lat' dir='ltr'><strong>dir</strong></span> <span class='ocrx_word' id='word_1_287' title='bbox 877 3867 957 3940; x_wconf 83' lang='lat' dir='ltr'><strong>jonas</strong></span> <span class='ocrx_word' id='word_1_288' title='bbox 967 3889 972 3920; x_wconf 91' lang='lat'>:</span> <span class='ocrx_word' id='word_1_289' title='bbox 983 3864 1057 3922; x_wconf 73' lang='lat' dir='ltr'><strong>Beda</strong></span> <span class='ocrx_word' id='word_1_290' title='bbox 1068 3865 1141 3920; x_wconf 84' lang='lat' dir='ltr'><strong>avait</strong></span> <span class='ocrx_word' id='word_1_291' title='bbox 1150 3865 1266 3937; x_wconf 71' lang='lat' dir='ltr'><strong>compte</strong></span> 
     </span>
     <span class='ocr_line' id='line_1_34' title="bbox 191 3951 1261 4031; baseline -0.003 -19"><span class='ocrx_word' id='word_1_292' title='bbox 191 3955 324 4013; x_wconf 76' lang='lat' dir='ltr'><strong>‹lix-nens</strong></span> <span class='ocrx_word' id='word_1_293' title='bbox 332 3975 382 4012; x_wconf 89' lang='lat' dir='ltr'><strong>ans</strong></span> <span class='ocrx_word' id='word_1_294' title='bbox 395 3976 433 4013; x_wconf 91' lang='lat' dir='ltr'><strong>nn</strong></span> <span class='ocrx_word' id='word_1_295' title='bbox 446 3957 527 4013; x_wconf 84' lang='lat' dir='ltr'><strong>mois.</strong></span> <span class='ocrx_word' id='word_1_296' title='bbox 540 3957 578 4012; x_wconf 86' lang='lat' dir='ltr'><strong>La</strong></span> <span class='ocrx_word' id='word_1_297' title='bbox 594 3973 694 4031; x_wconf 75' lang='lat' dir='ltr'><strong>guerre</strong></span> <span class='ocrx_word' id='word_1_298' title='bbox 708 3967 805 4013; x_wconf 89' lang='lat' dir='ltr'><strong>oontre</strong></span> <span class='ocrx_word' id='word_1_299' title='bbox 823 3956 862 4012; x_wconf 87' lang='lat' dir='ltr'><strong>les</strong></span> <span class='ocrx_word' id='word_1_300' title='bbox 877 3956 994 4012; x_wconf 78' lang='lat' dir='ltr'><strong>Parthas</strong></span> <span class='ocrx_word' id='word_1_301' title='bbox 1007 3954 1078 4009; x_wconf 87' lang='lat' dir='ltr'><strong>dura</strong></span> <span class='ocrx_word' id='word_1_302' title='bbox 1094 3952 1193 4026; x_wconf 83' lang='lat' dir='ltr'><strong>depuis</strong></span> <span class='ocrx_word' id='word_1_303' title='bbox 1213 3951 1261 4011; x_wconf 75' lang='lat'><strong>161</strong></span> 
     </span>
     <span class='ocr_line' id='line_1_35' title="bbox 188 4041 1265 4120; baseline 0 -21"><span class='ocrx_word' id='word_1_304' title='bbox 188 4045 318 4120; x_wconf 87' lang='lat' dir='ltr'><strong>jusqn’en</strong></span> <span class='ocrx_word' id='word_1_305' title='bbox 329 4043 387 4100; x_wconf 77' lang='lat'>165.</span> <span class='ocrx_word' id='word_1_306' title='bbox 398 4045 436 4100; x_wconf 85' lang='lat' dir='ltr'><strong>La</strong></span> <span class='ocrx_word' id='word_1_307' title='bbox 444 4054 521 4119; x_wconf 85' lang='lat' dir='ltr'><strong>peste</strong></span> <span class='ocrx_word' id='word_1_308' title='bbox 528 4043 600 4099; x_wconf 87' lang='lat' dir='ltr'><strong>avait</strong></span> <span class='ocrx_word' id='word_1_309' title='bbox 607 4046 652 4098; x_wconf 77' lang='lat' dir='ltr'><strong>esd</strong></span> <span class='ocrx_word' id='word_1_310' title='bbox 661 4047 807 4118; x_wconf 78' lang='lat' dir='ltr'><strong>rapportde</strong></span> <span class='ocrx_word' id='word_1_311' title='bbox 814 4042 849 4100; x_wconf 95' lang='lat' dir='ltr'><strong>de</strong></span> <span class='ocrx_word' id='word_1_312' title='bbox 854 4041 1094 4101; x_wconf 72' lang='lat' dir='ltr'><strong>l’OrientaRome</strong></span> <span class='ocrx_word' id='word_1_313' title='bbox 1102 4060 1152 4115; x_wconf 87' lang='lat' dir='ltr'><strong>par</strong></span> <span class='ocrx_word' id='word_1_314' title='bbox 1160 4041 1265 4102; x_wconf 72' lang='lat' dir='ltr'><strong>tadu</strong></span> 
     </span>
     <span class='ocr_line' id='line_1_36' title="bbox 191 4132 1264 4209; baseline -0.006 -15"><span class='ocrx_word' id='word_1_315' title='bbox 191 4136 284 4195; x_wconf 73' lang='lat' dir='ltr'><strong>verus</strong></span> <span class='ocrx_word' id='word_1_316' title='bbox 296 4134 345 4192; x_wconf 77' lang='lat' dir='ltr'><strong>dea</strong></span> <span class='ocrx_word' id='word_1_317' title='bbox 357 4134 415 4192; x_wconf 84' lang='lat'><strong>166.</strong></span> <span class='ocrx_word' id='word_1_318' title='bbox 429 4135 466 4191; x_wconf 87' lang='lat' dir='ltr'><strong>Le</strong></span> <span class='ocrx_word' id='word_1_319' title='bbox 479 4144 600 4208; x_wconf 77' lang='lat' dir='ltr'><strong>martyre</strong></span> <span class='ocrx_word' id='word_1_320' title='bbox 611 4136 646 4193; x_wconf 87' lang='lat' dir='ltr'><strong>de</strong></span> <span class='ocrx_word' id='word_1_321' title='bbox 656 4136 727 4191; x_wconf 81' lang='lat' dir='ltr'><strong>saint</strong></span> <span class='ocrx_word' id='word_1_322' title='bbox 738 4135 888 4209; x_wconf 76' lang='lat' dir='ltr'><strong>Polycarpe</strong></span> <span class='ocrx_word' id='word_1_323' title='bbox 899 4145 948 4191; x_wconf 86' lang='lat' dir='ltr'><strong>eut</strong></span> <span class='ocrx_word' id='word_1_324' title='bbox 960 4134 1017 4191; x_wconf 87' lang='lat' dir='ltr'><strong>lien</strong></span> <span class='ocrx_word' id='word_1_325' title='bbox 1032 4133 1059 4189; x_wconf 87' lang='lat' dir='ltr'><strong>la</strong></span> <span class='ocrx_word' id='word_1_326' title='bbox 1070 4132 1161 4189; x_wconf 71' lang='lat' dir='ltr'><strong>meme</strong></span> <span class='ocrx_word' id='word_1_327' title='bbox 1173 4133 1264 4191; x_wconf 78' lang='lat' dir='ltr'><strong>sande</strong></span> 
     </span>
    </p>
   </div>
   <div class='ocr_carea' id='block_1_5' title="bbox 191 4223 1204 4304">
    <p class='ocr_par' dir='ltr' id='par_1_7' title="bbox 191 4223 1204 4304">
     <span class='ocr_line' id='line_1_37' title="bbox 191 4223 1204 4304; baseline -0.003 -21"><span class='ocrx_word' id='word_1_328' title='bbox 191 4245 246 4304; x_wconf 85' lang='lat' dir='ltr'><strong>que</strong></span> <span class='ocrx_word' id='word_1_329' title='bbox 261 4226 334 4287; x_wconf 80' lang='lat' dir='ltr'><strong>celsi</strong></span> <span class='ocrx_word' id='word_1_330' title='bbox 347 4226 382 4286; x_wconf 87' lang='lat' dir='ltr'><strong>de</strong></span> <span class='ocrx_word' id='word_1_331' title='bbox 395 4225 466 4287; x_wconf 85' lang='lat' dir='ltr'><strong>saint</strong></span> <span class='ocrx_word' id='word_1_332' title='bbox 479 4226 572 4285; x_wconf 79' lang='lat' dir='ltr'><strong>lustin</strong></span> <span class='ocrx_word' id='word_1_333' title='bbox 585 4226 678 4304; x_wconf 56' lang='grc' dir='ltr'><strong>(ιδῃ).</strong></span> <span class='ocrx_word' id='word_1_334' title='bbox 690 4225 771 4287; x_wconf 87' lang='lat' dir='ltr'><strong>Celui</strong></span> <span class='ocrx_word' id='word_1_335' title='bbox 784 4225 820 4287; x_wconf 83' lang='lat' dir='ltr'><strong>de</strong></span> <span class='ocrx_word' id='word_1_336' title='bbox 833 4226 905 4287; x_wconf 83' lang='lat' dir='ltr'><strong>saint</strong></span> <span class='ocrx_word' id='word_1_337' title='bbox 915 4225 1022 4285; x_wconf 79' lang='lat' dir='ltr'><strong>Pothio</strong></span> <span class='ocrx_word' id='word_1_338' title='bbox 1037 4223 1127 4283; x_wconf 77' lang='lat' dir='ltr'><strong>assde</strong></span> <span class='ocrx_word' id='word_1_339' title='bbox 1142 4240 1204 4299; x_wconf 82' lang='lat'><strong>¹77·</strong></span> 
     </span>
    </p>
   </div>
   <div class='ocr_carea' id='block_1_6' title="bbox 0 0 1462 4958">
    <p class='ocr_par' dir='ltr' id='par_1_8' title="bbox 0 0 1462 4958">
     <span class='ocr_line' id='line_1_38' title="bbox 0 0 1462 4958; baseline 0 1"><span class='ocrx_word' id='word_1_340' title='bbox 0 0 1462 4958; x_wconf 95' lang='lat' dir='ltr'><strong> </strong></span> 
     </span>
    </p>
   </div>
  </div>
 </body>
</html>
