2894 4958
184 399 246 458 382
462 396 646 457 HISTORIA
667 395 973 461 uectustssuct.

235 517 451 591 Interveniat
460 543 533 619 pro
547 515 652 589 nobis
665 517 784 591 almus
794 520 934 618 prasul
948 520 1140 595 Martialis
1154 523 1196 596 de
1208 550 1237 599 st

188 634 436 735 loquentibus,
456 636 523 734 qui
537 635 686 708 conviva
710 633 848 708 Christi
856 634 938 735 fuit
957 655 992 710 et
1007 641 1238 740 apostolorum

185 757 327 843 socius,
365 756 431 854 qui
454 753 539 854 pius
565 768 697 854 postor
726 755 846 826 extitit
878 755 1191 831 lemovicensibus
1214 776 1239 833 et

183 873 326 972 primus
341 869 572 974 predicator
580 869 735 971 populis
750 871 1061 962 occidentalibus,
1081 891 1122 947 ut
1140 879 1239 950 socn's

186 990 267 1088 ejus
289 987 515 1061 orationibus
537 989 685 1079 muniti,
707 987 932 1064 hereditatis
952 1007 1103 1065 aterna
1116 1019 1241 1067 merea·

186 1133 269 1178 mur
275 1107 480 1208 participes
492 1086 640 1178 ascisci.
660 1105 796 1179 Amen.

234 1222 353 1297 XVll.
371 1222 462 1314 Quia
476 1219 801 1322 chr0n0graphiam
814 1224 1009 1298 secundum
1021 1227 1157 1326 scripta
1167 1226 1242 1326 pris·

186 1365 315 1414 corum
332 1354 523 1412 contexere
543 1337 702 1428 decrevi,
728 1355 764 1414 et
786 1340 1058 1416 ecclesiasticam
1082 1344 1242 1444 incipiens

188 1457 453 1543 narrationem,
474 1456 511 1528 in
528 1459 628 1555 cujus
642 1457 757 1558 capite
768 1457 813 1532 de
828 1460 958 1532 sanctis
969 1461 1145 1560 apostolis
1160 1486 1242 1564 ane

186 1573 268 1647 dam
289 1572 449 1647 breviter
466 1573 634 1673 apposui,
655 1600 754 1647 nunc
775 1574 964 1675 adjuvante
982 1577 1065 1651 Deo
1082 1575 1128 1652 de
1144 1603 1244 1652 ronn-

186 1690 243 1762 nis
264 1687 477 1789 praesulibus
500 1689 748 1788 continuatam
770 1691 897 1764 seriem
914 1690 1019 1765 edere
1035 1694 1155 1781 nitor,
1177 1707 1243 1767 ets

186 1805 292 1883 beato
299 1807 408 1881 Petro
415 1806 593 1906 apostolo,
603 1807 661 1880 cui
671 1805 833 1881 Christus
846 1808 1072 1911 claresregni
1080 1811 1244 1885 coelorun

186 1925 386 2015 commisit,
405 1921 575 1998 inchoare
588 1921 761 2000 conabor.
781 1926 858 1999 Hoc
875 1927 972 1999 enim
993 1953 1090 2027 opus
1106 1950 1244 2001 necess*

187 2044 284 2115 rium
299 2041 412 2130 duco,
439 2067 480 2112 ac
503 2038 670 2114 studiosis
693 2040 884 2114 clientibus
905 2040 973 2115 sibi
991 2043 1145 2146 aliisque
1159 2042 1244 2119 doci·

187 2159 282 2235 libus
299 2156 533 2232 commodum
552 2169 714 2230 autumo.
733 2158 833 2252 lam,
853 2173 896 2230 ut
917 2161 1096 2233 veraciter
1111 2160 1243 2233 rimatu

185 2302 285 2362 sum,
300 2301 366 2375 per
376 2273 477 2346 mille
490 2287 527 2346 et
539 2285 687 2345 centum
700 2298 834 2362 annos,
849 2301 893 2348 ex
906 2298 980 2374 quo
994 2275 1103 2348 fortis
1114 2277 1245 2349 Emms

188 2393 271 2466 nuel
289 2419 354 2492 per
368 2393 618 2465 intemeratam
628 2390 818 2491 Virginem
830 2390 931 2466 nube
943 2395 1063 2474 carnis
1078 2393 1244 2468 trabeatus

185 2511 285 2585 venit
302 2508 345 2583 ad
361 2534 429 2583 nos
437 2562 449 2598 ,
470 2509 508 2582 in
523 2507 614 2583 urbe
632 2511 745 2584 Roma
764 2510 867 2610 (quae
883 2509 929 2582 ab
943 2495 1021 2610 ipso
1035 2512 1092 2583 sui
1106 2512 1245 2612 primm

186 2627 247 2701 dio
266 2653 374 2728 super
388 2653 514 2702 omnes
526 2627 664 2700 vicinos
679 2627 805 2701 molita
822 2642 875 2700 est
889 2627 1016 2702 efferre
1028 2626 1145 2701 fasces
1157 2653 1243 2718 suos,

188 2763 225 2821 et
248 2745 420 2847 usquead
437 2745 659 2846 Euphratem
676 2746 930 2847 Oceanumque
947 2745 1166 2845 disponente
1181 2746 1243 2819 lte

186 2863 350 2938 dilatavit
364 2862 453 2937 fines
467 2863 575 2964 suos)
594 2863 714 2962 plures
729 2863 931 2963 opitulante
945 2865 1020 2936 Deo
1037 2862 1162 2937 eximii
1178 2861 1244 2936 att·

186 2981 269 3055 letae
283 2996 481 3055 tenuerunt
494 2980 719 3055 ecclesiastici
737 2980 922 3081 regiminis
935 2980 1083 3070 frenos,
1101 3003 1241 3084 quorun

188 3095 422 3197 triumphales
448 3124 572 3171 cursus
596 3098 814 3199 perscrutari
839 3095 946 3170 bonis
973 3097 1240 3173 delectabilem

190 3218 286 3292 inter
303 3216 434 3289 fluctus
446 3215 668 3306 mundan0s;
687 3232 748 3307 ut,
765 3244 831 3318 per
849 3215 1001 3290 heroum
1017 3219 1165 3318 vestigia
1177 3239 1238 3318 gn·

189 3331 349 3427 dientes,
376 3331 552 3408 desudent
579 3333 712 3407 imitari
736 3350 902 3409 strenuos
927 3351 1027 3408 actus
1054 3350 1162 3436 atque
1184 3331 1236 3407 sd-

187 3452 327 3528 vilicos.

190 3819 225 3873 de
242 3819 268 3874 la
285 3818 403 3874 seconde
422 3819 583 3875 translation
597 3819 632 3875 de
650 3837 691 3874 ses
708 3819 839 3894 reliques.
853 3817 1001 3894 iusque-ll
1016 3836 1055 3873 on
1073 3817 1144 3872 avait
1159 3810 1230 3888 pesti·

189 3929 253 3964 avec
264 3910 402 3982 Gregoire
416 3910 451 3963 de
465 3911 571 3976 Toum,
586 3929 641 3983 que
659 3929 686 3965 sa
702 3911 816 3966 mission
833 3929 868 3965 ne
881 3909 1030 3964 remontait
1047 3927 1097 3982 pas
1113 3907 1172 3981 plus
1186 3905 1232 3957 hell

191 4018 246 4072 que
255 3998 280 4052 le
292 4000 377 4072 regne
385 3998 420 4053 de
431 4001 534 4071 Trajan
541 4000 622 4055 Dece.
632 3999 678 4054 Un
687 4001 793 4056 concile
805 4000 840 4055 de
850 4001 976 4071 Limoges
988 4016 1025 4052 en
1036 4015 1120 4072 1029,
1135 4000 1232 4049 unauloe

192 4089 227 4143 de
240 4089 363 4161 Bourges
379 4107 414 4142 en
429 4088 491 4143 1031
507 4101 536 4144 et
546 4089 621 4144 enlin
632 4107 688 4143 une
697 4089 773 4144 bulle
787 4089 827 4143 du
841 4086 1003 4161 saint-siege
1020 4084 1232 4141 mouentium·

193 4175 336 4250 magula
350 4176 497 4232 resistsnce
509 4177 679 4253 delerique
695 4177 730 4236 de
743 4178 885 4251 Limoges,
900 4173 1052 4230 l’assertion
1067 4173 1106 4229 du
1118 4166 1234 4228 saums-
