2894 4958
189 345 250 408 356
464 342 649 406 HISTORIA
671 341 973 406 ECCLfflleTle.

190 489 336 566 quoque
357 462 475 536 verbis
497 466 594 563 signa
624 479 660 538 et
680 462 842 564 prodigia
867 464 906 536 iu
932 465 1082 541 nomine
1107 465 1242 540 Domini

187 594 449 680 consequenter
463 577 610 651 addidit.
627 578 677 650 Et
692 577 852 651 Auienus
870 605 954 653 cum
968 595 1044 653 tota
1062 580 1175 657 domo
1191 609 1243 655 sua

186 714 223 771 et
248 695 481 770 multitudine
503 696 708 769 vicinorum
729 694 900 786 credidit,
929 715 1036 798 atque
1053 698 1245 800 baptizanta

186 819 223 889 in
241 814 496 916 praedicatione
512 814 671 916 magistri
685 812 828 913 adjutor
840 815 973 888 extitit.

235 933 350 1005 Porro
378 929 538 1003 idolatrae
563 927 821 1016 Alexandrini,
846 944 1037 1030 postquam
1062 957 1130 1030 per
1155 930 1246 1005 Gali·

186 1049 294 1120 laeum
311 1046 586 1148 praedicatorem
600 1071 682 1118 suos
699 1046 791 1118 ritus
808 1047 1107 1148 caerimoniasque
1119 1048 1243 1123 danai

186 1166 374 1252 viderunt,
401 1163 503 1235 illum
526 1160 729 1234 interficere
750 1162 992 1262 quaesierunt,
1019 1179 1057 1236 et
1081 1164 1245 1263 plurimas

186 1280 330 1354 iusidias
343 1280 375 1352 ei
390 1293 602 1378 posuerunt.
622 1279 750 1350 Beatus
765 1293 886 1350 autem
902 1279 1044 1351 Marcus
1062 1306 1247 1381 agnoscens

186 1396 334 1473 consilia
347 1421 487 1482 eorum,
503 1392 686 1466 Anianum
698 1392 832 1467 ibidem
841 1392 1024 1468 ordinavit
1032 1399 1245 1498 episcopum,

186 1528 222 1586 et
238 1527 309 1586 tres
321 1507 571 1611 presbyteros,
586 1508 783 1598 Melinum,
802 1509 973 1582 Savinum
988 1511 1047 1610 (t)
1061 1529 1099 1586 et
1119 1514 1246 1588 Cerdo-

186 1657 288 1720 nem,
304 1646 339 1703 et
355 1653 406 1703 vu
420 1628 605 1715 diacones,
621 1626 780 1726 aliosque
792 1651 829 1699 x1
846 1626 890 1698 ad
901 1627 1181 1704 ecclesiasticum
1193 1631 1245 1704 mi·

185 1747 376 1819 nisterium
399 1742 634 1842 pertinentes.
657 1741 794 1816 Deinde
811 1741 1038 1839 Pentapolim
1056 1746 1195 1847 pergit,
1214 1763 1243 1818 et

186 1860 319 1936 ibidem
337 1857 479 1933 duobus
505 1859 608 1930 annis
631 1856 774 1959 deguit,
794 1873 901 1958 atque
918 1856 1048 1932 fratres
1071 1861 1137 1962 qui
1155 1877 1242 1934 antea

185 1979 259 2051 illic
282 1976 507 2051 crediderant
528 1972 761 2048 confortavit.
782 1974 978 2074 Episcopos
999 2002 1067 2074 per
1089 1978 1239 2077 regiones

186 2096 263 2168 illas
277 2111 314 2170 et
325 2093 474 2168 clericos
492 2091 686 2166 ordinavit.
708 2093 843 2163 lterum
859 2090 1116 2166 Alexandriam
1132 2095 1237 2182 venit,

185 2230 223 2287 et
243 2212 371 2286 fratres
394 2210 431 2282 in
454 2208 567 2309 gratia
584 2223 621 2281 et
643 2208 714 2282 fide
735 2205 992 2307 multiplicatos
1015 2211 1166 2310 reperit.
1185 2212 1240 2283 Eo-

187 2331 331 2403 clesiam
357 2353 443 2400 vero
463 2325 586 2399 videns
609 2340 855 2400 constructam
876 2323 922 2396 ab
945 2327 997 2398 eis
1021 2327 1060 2400 in
1085 2328 1169 2404 loco
1188 2327 1238 2428 qni

186 2448 384 2523 vocabatur
399 2444 579 2532 Bucoliae,
597 2443 634 2517 id
651 2460 704 2518 est
720 2442 884 2533 bubulci,
904 2441 971 2515 sub
983 2445 1145 2545 rupibus
1154 2451 1237 2546 juxta

188 2590 305 2652 mare,
320 2562 460 2633 laetatus
477 2574 530 2632 est
545 2556 665 2647 valde,
686 2558 883 2658 positisque
894 2558 1047 2658 genibus
1060 2561 1239 2635 Dominum

187 2678 419 2784 glorificavit,
441 2702 619 2776 opemque
642 2701 742 2748 suam
765 2675 803 2747 in
831 2673 949 2748 verbis
972 2692 1009 2750 et
1031 2677 1239 2753 orationibus

188 2796 395 2897 benigniter
412 2791 551 2891 adjecit.

239 2916 402 3014 Cumque
413 2915 489 3011 jam
506 2925 647 3010 tempus
664 2911 919 3010 compleretur,
939 2912 1031 2984 etin
1049 2912 1122 2986 lide
1141 2912 1239 2987 Chrie

190 3034 278 3107 tiaui
296 3029 637 3130 multiplicarentur,
662 3044 769 3128 atque
793 3028 978 3100 simulacra
1000 3027 1238 3129 dejicerentur,

190 3151 340 3254 gentiles
366 3164 531 3222 sanctum
558 3146 739 3221 advenisse
767 3163 1038 3247 cognoverunt3
1068 3150 1239 3248 nimiotpte

190 3271 305 3344 livore
322 3280 473 3367 propter
491 3264 661 3337 miracula
679 3290 761 3364 quae
780 3263 828 3336 ab
845 3290 889 3338 eo
908 3264 986 3338 fieri
1004 3278 1240 3367 compererant

193 3386 320 3486 repleti
342 3399 440 3457 suut.
463 3382 632 3455 Infirmos
648 3383 745 3456 enim
763 3381 924 3472 sanabat,
946 3383 1145 3458 incredulis
1161 3409 1240 3485 prae·

192 3499 350 3590 dicabat,
382 3498 545 3571 auditum
575 3497 691 3571 surdis
719 3497 909 3585 reddebat,
939 3500 1132 3602 visumque
1159 3499 1241 3571 cecis

194 3614 434 3694 condonabat.
462 3614 569 3688 lllum
596 3616 705 3715 igitur
731 3615 997 3716 apprehendere
1023 3616 1239 3716 quaerebant,

193 3763 260 3811 nec
277 3734 440 3808 iuvenire
461 3748 643 3834 poterant.
661 3733 767 3807 Unde
790 3735 826 3806 in
849 3734 1056 3832 spectaculis
1075 3734 1239 3810 idolorum

194 3879 343 3926 suorum
351 3849 520 3925 dentibus
532 3851 603 3923 suis
613 3848 832 3940 fremebant,
845 3850 1018 3950 factisque
1032 3850 1239 3926 comessatio

195 3967 302 4043 nibus
311 3970 382 4040 suis
393 3966 594 4042 clamabant
606 3999 616 4041 τ
627 3972 772 4069 Magno
783 3971 841 4041 vis
850 3967 960 4068 hujus
969 3971 1087 4069 mugi.
1098 3967 1237 4041 Tanadent

228 4231 268 4301 (ι)
285 4228 359 4284 Litez
375 4251 380 4282 :
397 4228 541 4284 Sabinum.
