2894 4958
539 386 657 450 LIBER
676 386 888 450 SECUNDUS.
946 390 951 397 '
1189 388 1250 449 31³

183 528 267 584 tum
294 509 444 599 ordine,
475 534 550 610 quo
577 508 735 584 Thomas
758 507 951 610 disposuit3
981 522 1019 582 et
1043 508 1088 582 de
1112 508 1251 583 meritis

183 632 279 728 ejus,
306 626 521 728 secretisque
547 625 754 701 coelestibus
778 626 882 729 plura
904 625 1088 701 reseravit.
1113 624 1252 700 Deinde

184 741 231 816 ad
255 768 435 817 carcerem
456 741 608 817 festinus
631 742 810 842 perrexit,
832 741 1038 841 apostolum
1058 767 1078 814 a
1100 740 1253 814 vincsdis

185 856 358 944 absolvit,
379 883 517 957 ptonus
538 856 582 931 ad
598 857 704 958 pedes
718 857 794 958 ejus
809 856 984 957 ploravit,
1005 870 1044 931 et
1061 854 1255 957 indulgen-

186 975 278 1049 tiam
293 972 396 1048 fratri
413 998 479 1050 suo
495 974 703 1074 postulavit.

238 1090 447 1193 Egredienti
459 1092 643 1191 apostolo,
658 1118 722 1166 rex
733 1094 807 1193 ipse
817 1095 889 1189 jum
901 1091 1122 1168 moderatior
1133 1117 1258 1167 occur·

188 1213 262 1300 rit,
290 1209 501 1310 etpedibus
525 1213 601 1310 ejus
623 1192 812 1283 advolutus
839 1209 981 1284 veniam
1004 1210 1124 1309 petiit.
1151 1211 1259 1282 Tunc

190 1325 395 1427 apostolus,
417 1342 560 1426 accepta
576 1325 762 1401 occasione
780 1350 959 1426 congrua,
977 1323 1149 1400 barbaros
1170 1323 1261 1400 edo·

190 1469 274 1519 cere
297 1442 431 1543 coepit3
461 1459 498 1517 et
526 1444 713 1517 veritatem
738 1442 977 1532 annuntians,
1009 1441 1107 1518 inter
1133 1455 1262 1517 eaetera

191 1558 287 1634 dixit
307 1557 518 1633 :Dominus
539 1586 640 1632 meus
662 1560 774 1632 Jesus
799 1558 964 1632 Christus
986 1558 1140 1632 multum
1155 1559 1263 1633 vobis

189 1677 384 1779 prastitit,
397 1677 612 1776 quiscerem
623 1703 694 1750 sua
705 1675 811 1750 nobis
824 1675 994 1749 ostendit.
1010 1677 1111 1751 Ecce
1117 1677 1265 1778 provin·

195 1796 269 1868 ct'se
285 1810 419 1867 ‘oestroe
434 1793 598 1868 ecclesiis
613 1794 737 1897 plenoe
759 1811 855 1867 sunt.
878 1794 1015 1867 Parati
1030 1820 1117 1894 ergo
1133 1808 1263 1883 estote,

196 1927 236 1983 ut
256 1910 549 2012 sanctficemini.
568 1911 654 1984 Haec
676 1926 713 1986 et
728 1910 795 1983 alia
813 1909 868 1984 his
888 1910 1016 1984 similia
1039 1908 1266 2011 principibus

196 2029 401 2119 intimavit,
419 2054 552 2131 eosque
568 2029 613 2104 dc
631 2027 700 2103 fide
717 2044 754 2104 et
770 2055 867 2102 sacra
884 2029 1061 2131 religione
1078 2029 1264 2103 instruxit.

246 2147 377 2247 lugens
393 2142 486 2218 fama
509 2143 554 2219 de
576 2143 772 2219 virtutibus
794 2172 882 2247 quas
898 2147 1078 2220 Dominus
1094 2171 1162 2245 per
1175 2168 1268 2245 apo-

197 2262 333 2337 stolum
350 2261 586 2363 operabatur,
608 2290 674 2363 per
694 2261 833 2336 lndiam
854 2261 980 2337 diffusa
1005 2278 1076 2352 est3
1101 2278 1140 2337 et
1155 2263 1269 2338 nimia

198 2380 431 2483 congregotio
447 2379 668 2482 populorum
685 2378 730 2454 de
746 2378 955 2482 longinquis
971 2395 1009 2453 et
1023 2379 1200 2479 proximis
1208 2379 1270 2479 ci·

197 2496 373 2573 vitatibus
395 2495 539 2571 adeum
556 2493 648 2568 sacta
670 2510 737 2569 est.
755 2495 900 2571 Vitulos
916 2497 949 2571 ei
969 2511 1007 2571 et
1022 2497 1151 2570 arietes
1165 2520 1271 2571 more

198 2617 326 2692 divino
343 2614 539 2689 sacrificare
551 2612 743 2705 volebant,
759 2615 844 2716 quia
858 2616 975 2716 ipsum
986 2640 1059 2691 esse
1075 2615 1184 2690 deum
1200 2640 1271 2715 pu-

200 2732 341 2808 tabant.
360 2733 475 2806 Porro
493 2728 725 2806 Gundnforus
743 2759 808 2808 rex
824 2734 989 2833 apostolo
1004 2731 1175 2807 suadente
1189 2735 1271 2831 jus-

201 2851 249 2923 sit
283 2863 328 2922 nt
358 2873 424 2947 per
454 2872 571 2919 unum
600 2873 760 2923 mensem
795 2863 1046 2949 expectarent,
1081 2873 1271 2949 quousque

201 2965 316 3043 totius
342 2962 542 3064 provinciae
566 2961 799 3062 conglobatio
824 2962 927 3037 fieret
938 3017 950 3052 ‚
981 2978 1019 3037 et
1047 2965 1095 3039 ita
1124 2964 1272 3039 demum

199 3080 363 3157 lucerent
383 3077 484 3180 quod
505 3079 580 3180 ipse
595 3077 753 3178 juberet.
773 3079 970 3178 Completis
992 3105 1079 3180 ergo
1097 3105 1171 3153 xxx
1195 3079 1275 3154 die-

199 3195 288 3286 bus,
303 3197 342 3270 in
362 3223 489 3297 campo
504 3198 607 3296 juxta
625 3194 711 3269 Gazi
729 3197 866 3271 montis
880 3222 1065 3271 ascensum
1080 3196 1272 3271 hominum

200 3311 399 3388 multitudo
413 3327 628 3413 congregata
644 3328 718 3402 est,
736 3311 858 3413 inqua
876 3312 983 3385 variis
997 3310 1274 3413 egritudinibus

200 3426 448 3503 laborantium
462 3454 590 3530 magna
607 3426 805 3504 multitudo
821 3428 932 3502 adest.
946 3427 1141 3530 Apostolus
1153 3445 1274 3503 autem

201 3571 331 3621 omncs
352 3544 577 3620 infirmantes
598 3546 637 3619 in
658 3573 775 3619 unum
792 3548 1001 3648 congregari
1025 3547 1217 3647 praecepit,
1236 3561 1275 3620 et

200 3663 277 3765 ipse
296 3663 337 3736 in
352 3663 473 3738 medio
495 3689 624 3737 corum
645 3664 765 3754 stetit3
790 3690 989 3764 manusque
1004 3691 1083 3736 suas
1098 3663 1143 3738 sd
1159 3664 1278 3738 coelos

200 3781 423 3883 expandens,
450 3807 520 3883 pro
541 3782 591 3857 eis
612 3783 741 3857 oravit.
766 3782 885 3855 Finita
908 3782 1073 3858 oratione
1095 3782 1273 3882 apostoli,

201 3924 370 3975 coruscus
393 3900 451 3999 (1)
474 3926 581 4001 super
601 3900 802 3991 eosvenit,
826 3914 864 3974 et
887 3901 936 3973 ita
959 3926 1105 3990 omnes,
1131 3916 1174 3972 ut
1199 3900 1275 3972 ictu

204 4073 440 4089 *Q—

233 4162 274 4232 (ι)
292 4146 395 4217 tctain
