2894 4958
533 401 650 463 LIBER
669 402 879 464 SECUNDUS.
1188 410 1246 470 327

175 526 272 603 Deus
297 527 370 624 ejus
392 522 568 597 Waldach
593 524 776 598 cecidisset
796 539 832 598 et
854 525 1064 600 minutatim
1087 525 1242 602 abiisset.

175 643 283 717 Tunc
295 667 360 720 rex
372 666 592 739 purpuream
603 659 758 730 vestem,
773 668 843 742 qua
857 642 1004 716 indutus
1016 661 1112 733 erat,
1126 644 1245 734 scidit,

174 772 213 833 et
220 770 386 830 sanctum
396 755 602 854 apostolum
609 755 764 829 fustibus
774 757 972 849 caedifecit,
985 784 1117 832 caesum
1126 774 1248 834 autem

174 871 348 955 demllari
359 872 544 973 praecepit.
559 872 843 946 Innumerabiles
858 899 945 948 vero
957 876 1084 975 populi
1097 900 1147 948 xn
1158 877 1248 950 civi-

174 1002 308 1079 tatum,
319 988 383 1090 qui
393 986 634 1078 crediderant,
641 1006 834 1081 venerunt,
847 1018 930 1064 eum
941 992 1088 1094 hymnis
1099 1009 1136 1068 et
1145 997 1246 1068 omni

173 1105 293 1206 gloria
309 1131 440 1220 corpus
456 1110 531 1205 ejus
548 1106 797 1199 abstulerunt,
821 1110 926 1211 eique
945 1110 1127 1186 basilicam
1144 1113 1249 1187 mirae

174 1223 436 1326 magnitudinis
463 1240 768 1314 construxerunt,
793 1226 892 1299 etin
909 1253 949 1302 ea
975 1230 1250 1302 sacratissimum

175 1367 312 1442 corpus
330 1357 544 1442 posuerunt.
571 1342 772 1416 Tricesimo
793 1357 913 1418 autem
934 1343 994 1418 die
1016 1342 1250 1445 depositionis

175 1463 281 1562 ejus,
306 1459 479 1562 Astyages
502 1487 566 1535 rex
594 1474 631 1534 et
660 1485 785 1534 omnes
810 1461 1000 1560 pontifices
1024 1489 1043 1534 a
1069 1461 1251 1537 daemonio

175 1575 313 1676 arrepti
335 1591 443 1666 sunt;
464 1591 502 1650 et
518 1576 702 1651 venientes
721 1575 765 1648 ad
788 1576 964 1677 templum
985 1580 1076 1677 ejus,
1105 1595 1251 1678 aposto-

175 1692 255 1767 lum
271 1693 546 1782 confessisunt,
569 1707 606 1767 et
623 1693 673 1765 sic
690 1692 767 1767 Deo
781 1693 967 1793 judicante
989 1696 1126 1769 mortui
1148 1711 1248 1780 sunt.

174 1811 309 1912 lugens
334 1811 454 1912 itaque
479 1811 592 1884 timor
616 1837 724 1909 super
747 1835 872 1884 omnes
895 1811 1100 1885 incredulos
1126 1811 1246 1882 irruit.

175 1925 346 2000 Universi
361 1952 449 2000 vero
462 1926 690 2001 manifestam
705 1925 770 2000 Dei
789 1924 968 2000 ultionem
983 1926 1164 1999 intuentes
1177 1951 1249 1998 cre-

176 2038 370 2130 diderunt,
392 2058 428 2115 et
443 2069 462 2114 a
480 2041 719 2144 presbyteris,
743 2067 834 2141 quos
851 2041 1034 2141 apostolus
1055 2039 1250 2114 Bartholo-

176 2183 292 2235 moeus
307 2158 556 2248 ordinaverat,
570 2157 739 2258 baptizati
757 2172 854 2230 sunt.

179 2311 198 2325 ··
226 2273 408 2350 Polemios
434 2301 588 2376 rex‘per
613 2275 889 2366 revelationem,
917 2274 1019 2347 omni
1041 2271 1183 2372 'populo
1211 2287 1248 2346 et

176 2391 279 2467 clero
290 2391 529 2484 acclamante,
543 2389 591 2463 ab
602 2389 768 2490 apostolo
780 2389 968 2489 episeopus
980 2388 1167 2465 ordinatus
1180 2405 1249 2476 est,

176 2510 332 2611 obsigna
343 2509 497 2598 faciens,
516 2534 566 2582 xx
585 2510 689 2582 annis
708 2509 746 2580 in
764 2510 972 2608 episcopatu
987 2507 1099 2596 rixit3
1115 2522 1151 2582 et
1163 2533 1248 2607 per·

176 2624 283 2702 scotis
296 2624 468 2701 omnibus
484 2652 525 2699 ac
541 2624 634 2700 bene
651 2625 860 2726 compositis
877 2641 914 2699 et
928 2622 1022 2700 bene
1038 2623 1250 2699 constabili-

176 2744 245 2835 tis,
265 2743 312 2817 ad
327 2744 526 2818 Dominum
542 2742 723 2845 migravit.

189 2856 379 2953 n“Peracto
401 2859 605 2933 multorum
630 2883 811 2931 annorum
836 2859 974 2955 spatio,
1004 2882 1087 2928 cum
1115 2856 1247 2928 iterum

177 2974 392 3069 Christianis
409 2975 608 3049 advenisset
624 2973 847 3073 persecutio,
869 2989 906 3046 et
917 2971 1083 3046 viderent
1097 2973 1249 3073 gentiles

177 3084 328 3171 omnem
356 3091 533 3194 populum
562 3088 606 3162 ad
631 3089 731 3176 beati
759 3086 1014 3195 bartholomaei
1043 3088 1247 3188 sepulcrum

177 3234 415 3300 concurrere,
434 3209 539 3310 eique
560 3206 708 3283 assiduae
733 3204 993 3305 deprecationis
1016 3206 1160 3280 incensa
1184 3205 1249 3279 de-

176 3325 298 3415 ferre3
324 3325 455 3399 invidia
478 3325 587 3399 illecti
611 3351 742 3424 corpus
759 3328 834 3424 ejus
853 3323 1099 3420 abstulerunt,
1120 3326 1157 3397 in
1174 3351 1249 3396 sar-

178 3441 383 3547 cophagum
400 3440 613 3545 plumbeum
634 3457 836 3543 posuerunt
856 3457 893 3515 et
915 3440 953 3514 in
971 3466 1069 3516 mare
1084 3443 1251 3544 projece-

176 3575 284 3641 runt.
308 3560 378 3634 Sed
398 3558 623 3660 providentia
643 3559 707 3634 Dei
732 3572 967 3658 cooperante,
992 3556 1248 3659 sarcophagum

177 3678 393 3781 plumbeum
409 3707 429 3751 a
446 3679 528 3754 loco
544 3678 607 3752 illo
620 3679 721 3779 aquis
733 3675 1014 3751 subvehentibus
1025 3677 1249 3752 sublevatum

179 3813 234 3901 est
242 3851 255 3889 ,
273 3823 314 3870 ac
328 3795 370 3869 ad
386 3796 539 3870 insulam
555 3796 719 3896 Lipparis
735 3795 893 3868 delatum
904 3810 975 3883 est3
991 3792 1113 3896 ibique
1125 3793 1248 3867 Chris-

181 3912 309 4001 tianis,
328 3927 370 3984 ut
387 3911 476 3985 illud
490 3909 690 3986 honorifice
707 3910 948 4009 susciperent,
967 3909 1162 3984 revelatum
1180 3925 1245 3981 est.
1276 3967 1279 3973 .

181 4026 319 4103 ibidem
337 4029 527 4103 collectum
550 4045 586 4103 et
603 4027 782 4128 sepultum
798 4042 869 4111 est,
890 4042 926 4099 et
951 4023 1126 4126 templum
1149 4053 1249 4125 mag-
