2916 4958
526 384 644 447 LIBER
664 386 824 448 PRIMUS.
1146 392 1207 454 173

140 512 232 610 regis
247 519 369 581 tamen
391 503 442 579 ob
462 518 602 578 metum
624 505 825 579 Arnulfum
842 505 1145 606 degradaverunt,
1168 529 1205 586 et

139 625 361 700 Gerbertum
391 620 612 698 monachum
641 621 917 722 philosophum,
947 624 1010 725 qui
1039 627 1207 727 magister

139 742 316 819 Rodherti
331 744 424 844 regis
439 739 558 816 fuerat
565 795 577 831 ,
591 740 865 815 ordinaverunt.
884 742 1057 818 Violento
1072 747 1207 847 quippe

140 861 234 961 regis
257 863 359 960 jussu
387 859 568 959 depositus
597 874 651 932 est
675 857 872 948 Arnulfus,
901 874 938 932 et
966 885 1049 933 cum
1073 887 1207 963 magno

139 976 316 1051 dedecore
339 976 384 1049 de
405 976 550 1050 eeclesia
565 974 679 1048 beatae
701 975 764 1048 Dei
790 975 975 1074 genitricis
992 977 1117 1051 Mariae
1138 981 1209 1055 lte-

139 1093 256 1166 mensi
273 1093 459 1192 expulsus,
478 1105 515 1165 et
532 1090 738 1165 Aurelianis
757 1091 794 1163 in
813 1116 952 1166 carcere
971 1091 1087 1167 tribus
1103 1096 1208 1171 annis

140 1225 316 1283 retrusus.
349 1210 435 1283 Haec
459 1210 580 1310 itaque
610 1208 732 1282 omnia
759 1234 912 1284 romano
939 1210 1083 1309 praesuli
1112 1202 1224 1286 uum'

142 1327 294 1399 tiantur.
327 1327 400 1426 Qui
423 1353 530 1426 super
559 1325 613 1400 his
642 1325 743 1399 valde
769 1325 995 1426 indignatus,
1019 1327 1208 1403 interdixit

139 1468 268 1516 omnes
293 1441 478 1541 episcopos
504 1443 568 1542 qui
595 1440 793 1514 Arnulfum
821 1441 1022 1542 dejecerant
1051 1460 1088 1517 et
1113 1446 1208 1519 Ger-

140 1557 289 1632 bertum
316 1560 354 1632 in
381 1559 462 1633 loco
481 1562 555 1657 ejus
578 1559 854 1633 constituerant.
879 1561 1038 1633 Leonem
1062 1586 1209 1664 quoque

140 1673 309 1749 abbatem
324 1701 343 1747 a
363 1675 444 1751 sede
461 1676 655 1776 apostoliea
677 1675 775 1746 misit
793 1675 831 1746 in
849 1676 1001 1749 Galliam
1019 1678 1112 1751 vices
1129 1706 1208 1754 suas

141 1792 305 1892 explere,
319 1808 356 1867 et
368 1793 514 1892 injustas
526 1792 771 1867 ordinationes
782 1794 993 1899 regulariter
1005 1795 1206 1872 emendare.

142 1909 309 2008 Denique
325 1907 460 2008 legatus
484 1935 587 2008 papae
613 1909 857 1981 senonensem
881 1909 1065 1984 Seninum
1087 1912 1208 2010 primo

141 2024 248 2114 adiit,
274 2025 399 2126 eique,
428 2051 538 2124 quem
560 2024 722 2123 rigidum
739 2024 966 2098 rectitudinis
991 2044 1209 2103 servatorem

142 2169 219 2240 prae
237 2142 570 2241 caeterisnoverat,
599 2141 785 2241 apostolici
809 2144 975 2216 mandata
999 2145 1206 2219 insinuavit.

143 2262 281 2333 lterum
298 2259 451 2334 collecto
464 2259 585 2333 Remis
599 2260 754 2332 concilio
771 2286 814 2333 ex
822 2261 982 2358 jussione
994 2264 1206 2362 apostoliea,

142 2372 323 2447 Amulfus
351 2373 583 2473 archipraesul
610 2391 798 2448 revocatus
821 2389 875 2447 est
898 2373 943 2448 de
966 2377 1145 2464 custodia,
1173 2395 1210 2454 et

143 2518 227 2565 eum
244 2517 375 2592 magno
399 2489 538 2565 honore
560 2507 723 2591 receptus
742 2491 779 2564 in
799 2490 879 2565 sede
902 2494 1061 2592 propria.
1085 2493 1211 2569 Alter-

143 2610 238 2681 eatio
254 2606 421 2682 Gerberti
439 2606 622 2706 pontificis
639 2623 675 2680 et
695 2608 824 2679 Leonis
842 2604 979 2680 abbatis
995 2609 1096 2684 valde
1112 2610 1211 2683 utilis

145 2721 318 2813 habetur,
343 2739 379 2796 et
405 2724 443 2795 in
471 2723 577 2822 gestis
605 2721 823 2821 pontificum
849 2725 1047 2796 Remorum
1077 2725 1208 2826 scripta

143 2839 336 2942 diligenter
351 2839 541 2939 servatur(
566 2838 596 2936 ).

178 3175 218 3246 (ι)
236 3172 261 3228 ll
280 3193 298 3246 y
317 3192 334 3227 a
353 3173 491 3247 plusieurs
512 3170 712 3226 inexactitudes
733 3170 801 3226 dane
825 3190 856 3226 ce
878 3172 1060 3247 paragraphe.
1082 3172 1215 3245 Amoul,'

144 3263 242 3319 bdtard
253 3263 292 3318 du
306 3264 349 3318 roi
364 3262 496 3317 Lothaire
508 3272 537 3316 et
549 3279 606 3316 non
624 3259 659 3316 de
672 3261 754 3315 Louis
770 3259 975 3331 d’Outre-lller5
991 3262 1035 3317 lut
1048 3262 1097 3317 lait
1111 3262 1211 3319 arche-

144 3353 234 3426 vdque
253 3350 289 3406 de
308 3351 403 3406 Reime
421 3369 471 3424 par
483 3349 641 3405 l’inlluenee
658 3348 693 3404 de
712 3349 827 3423 Hugues
845 3350 945 3423 Capet,
962 3368 997 3404 en
1015 3349 1067 3424 988
1087 3368 1124 3404 ou
1140 3350 1210 3425 9⁸95

146 3451 228 3515 ayant
242 3439 314 3496 viole
325 3440 365 3495 les
377 3450 574 3514 engagements
585 3438 652 3515 qu’il
665 3439 736 3494 avait
748 3440 806 3512 pris
818 3457 880 3494 avec
893 3457 924 3494 ce
937 3441 1049 3513 prime,
1065 3449 1094 3495 et
1104 3439 1173 3495 livre
1184 3440 1211 3497 la

146 3531 210 3587 ville
226 3534 243 3586 i
259 3549 309 3586 son
326 3529 405 3585 oncle
420 3530 548 3599 Chai-les,
564 3531 749 3604 competiteur
761 3527 797 3584 de
810 3530 926 3603 Hugues
944 3531 960 3582 ὲ
977 3528 1002 3583 la
1018 3546 1175 3602 couronne,
1190 3531 1211 3587 il

147 3621 293 3677 tutaret
311 3622 328 3674 t
345 3621 419 3675 Laou
436 3619 463 3674 le
480 3636 496 3672 a
516 3619 582 3674 avril
601 3638 663 3694 991,
683 3618 800 3676 conduit
818 3618 976 3692 prisonnier
993 3620 1009 3671 a
1028 3616 1162 3689 Orleans‚
1182 3630 1212 3676 et

147 3708 250 3783 depos&
261 3707 330 3763 dans
344 3707 371 3764 le
382 3707 486 3781 synode
497 3706 545 3763 des
557 3709 674 3782 eveques
686 3719 754 3762 tenu
765 3711 781 3762 d
794 3705 960 3763 Saint-Basle
973 3707 1036 3780 pree
1049 3706 1154 3764 Reims.
1168 3709 1211 3765 En

147 3816 199 3873 997
213 3797 233 3852 il
246 3798 329 3853 sortit
340 3795 375 3852 de
388 3796 483 3870 prison
502 3807 531 3851 et
545 3814 677 3851 reeouvra
694 3813 722 3850 aa
740 3795 861 3870 dignite,
876 3795 945 3871 qu’il
962 3814 1091 3851 oonserva
1102 3797 1212 3873 jusqu’li

149 3906 177 3943 sa
190 3898 265 3942 mort
277 3905 314 3942 en
330 3884 407 3942 1023.
895 3906 899 3913 ·

183 3978 207 4033 ll
219 3977 310 4051 penit
320 3976 388 4051 qu’il
400 3977 445 4050 n’y
457 3986 505 4031 eut
517 3977 597 4050 point
608 3974 643 4030 de
653 3974 758 4031 concile
772 3978 788 4030 l
800 3974 895 4030 Reims
906 3993 942 4030 en
955 3973 1022 4050 995,
1038 3976 1106 4029 mais
1122 3975 1212 4031 teule-

149 4077 227 4123 ment
238 4086 279 4122 un
288 4067 392 4123 concile
400 4067 589 4141 preparatoire
600 4076 668 4121 tenu
678 4070 694 4121 t
705 4066 823 4121 Mouson
835 4066 861 4121 le
876 4085 891 4121 a
901 4066 981 4139 juin,
993 4065 1061 4122 dans
1076 4065 1166 4140 lequel
1175 4084 1213 4122 on

149 4177 185 4213 en
196 4176 321 4232 mnouea
335 4176 373 4214 un
387 4162 402 4214 ὲ
414 4157 510 4213 Reims
520 4175 592 4231 pour
602 4156 629 4212 le
641 4168 674 4211 ν’
681 4156 787 4228 juillet,
802 4175 857 4230 que
868 4157 984 4229 Hugnes
995 4158 1096 4230 capet,
1106 4166 1215 4229 protec-
