2916 4958
193 413 254 474 376
466 412 651 474 HISTORIA
671 410 976 476 ECCLESIASTICA.

195 555 382 633 uunquam
399 533 545 632 propria
568 532 703 606 virtute
723 532 875 606 luissent
894 533 1045 633 privata.
1062 537 1257 637 Postquam
1273 519 1277 525 ¹

198 648 368 746 praelatus
397 672 515 720 comes
542 645 740 748 Sigibertus
765 662 906 721 sanatus
934 662 1006 740 cst,
1031 675 1116 723 cum
1140 651 1257 726 multo

196 779 368 865 apparatu
383 764 510 864 populi
528 763 573 837 ad
589 779 752 837 sanctum
770 763 969 838 antistitem
984 766 1171 865 profectus
1187 783 1255 856 est,

193 897 230 955 et
246 880 291 953 ab
311 881 388 981 ipso
409 881 498 954 'sacri
515 879 736 980 baptismatis
758 880 851 955 unda
870 878 958 954 ¹cum
978 884 1117 956 cunctis
1135 908 1258 985 sequa-

195 996 295 1070 cibus
306 998 377 1070 suis
391 1014 619 1098 regeneratus
631 1011 696 1072 est.
713 997 864 1097 Copiosa
877 1023 964 1074 vero
974 1025 1125 1098 precum
1138 1016 1177 1073 ct
1187 1025 1259 1100 gra·

196 1114 325 1186 tiarum
339 1112 443 1186 xenia
452 1137 521 1211 pro
530 1112 667 1187 collatis
676 1112 744 1187 sibi
756 1110 962 1187 coelestibus
970 1112 1260 1190 beneficiisretu·

83 1230 89 1238 ’
195 1230 252 1325 lit,
264 1227 698 1330 etmultisposteadiebus
712 1231 750 1305 in
761 1231 825 1306 Dei
836 1231 982 1308 servitio
993 1229 1269 1307 feliciterrixit.'

243 1345 456 1438 Quondam,
483 1372 566 1419 cum
591 1345 815 1448 exigentibus
840 1346 1031 1423 bominum
1058 1346 1258 1423 insolentiis
1286 1366 1291 1377 ’

192 1464 422 1538 denominata
450 1464 572 1537 civitas
602 1464 694 1564 ignis
723 1463 891 1540 incendio
914 1468 988 1565 jam
1017 1463 1259 1540 consumenda

194 1594 427 1668 cremaretur,
446 1606 486 1651 ac
502 1606 594 1679 pene
610 1581 665 1652 sui
684 1581 874 1654 interitum
887 1607 1008 1654 arsura
1020 1581 1154 1654 minari
1169 1580 1259 1654 vide·

193 1712 315 1785 retur,
336 1694 498 1794 religiosa
522 1694 710 1769 Benedicta
731 1695 902 1771 baculum
923 1697 991 1770 viri
1013 1698 1079 1772 Dei
1105 1695 1259 1771 fideliter

192 1814 266 1914 igni
288 1814 478 1914 opposuit,
496 1827 534 1886 et
553 1812 858 1912 omnipotentiam
877 1813 1057 1891 Creatoris
1075 1812 1256 1904 confessa,

190 1935 265 2031 ejus
278 1931 452 2005 auxilium
468 1930 663 2006 invocavit.
682 1930 854 2008 Protinus
872 1931 1081 2006 incendium
1098 1931 1148 2004 ita
1166 1930 1260 2031 sopi-

192 2064 270 2120 tum
289 2062 361 2136 est,
381 2061 423 2120 ut
438 2047 584 2147 vestigia
602 2046 695 2147 ignis
712 2047 816 2121 nullo
832 2046 942 2123 modo
957 2063 1186 2151 apparerent.

168 2155 173 2166 ’
242 2164 283 2236 ln
301 2162 365 2237 illo
374 2180 556 2264 tempore,
568 2163 743 2238 instinctu
753 2163 877 2238 divino
888 2152 1114 2255 admonitus,
1129 2160 1260 2265 praesnl

191 2278 324 2352 Christi
349 2279 522 2352 Martialis
546 2277 590 2352 ad
615 2277 824 2353 Garounam
847 2277 999 2352 fluvium
1021 2279 1201 2380 perrexit,
1225 2292 1261 2354 et

193 2397 233 2468 in
253 2395 336 2469 loco
358 2394 420 2494 qui
446 2393 661 2467 Mauritania
680 2393 738 2493 (1)
764 2392 912 2486 dicitur,
939 2393 1064 2466 multis
1086 2394 1152 2496 qui
1176 2393 1260 2467 illuc

193 2510 465 2600 confluxerant,
484 2508 636 2583 verbum
650 2510 716 2585 Dei
732 2509 942 2610 praedicavit
950 2539 962 2601 3
983 2509 1107 2612 ibique
1122 2537 1193 2612 pro
1208 2537 1259 2584 sa·

189 2627 388 2704 luberrima
409 2628 646 2729 occupatione
663 2627 776 2701 divini
799 2629 917 2728 operis
939 2628 1056 2700 tribus
1076 2627 1258 2702 mensibus

192 2748 336 2822 mansit.
356 2746 495 2822 Novem
513 2745 724 2821 daemoniaci
743 2746 876 2820 catenis
889 2747 1099 2837 constricti,
1116 2773 1161 2821 ex
1176 2749 1261 2820 Bur·

190 2864 310 2966 degala
326 2865 470 2938 civitate
482 2891 502 2937 a
514 2862 723 2964 parentibus
739 2861 902 2956 deducti,
921 2891 941 2937 a
957 2878 1081 2939 sancto
1097 2862 1260 2939 Martiale

192 2978 419 3056 daemouibus
443 2979 597 3080 expulsis
622 2993 706 3053 sunt
723 2980 849 3053 sanati.
868 2980 1059 3056 Daemones
1077 2981 1178 3055 enim
1198 2980 1259 3081 qui

191 3124 258 3198 per
274 3096 356 3170 fidei
374 3093 578 3168 christianae
592 3095 764 3168 virtutem
780 3093 825 3168 ds
842 3093 1036 3196 Burdegala
1050 3093 1141 3168 urbe
1158 3094 1259 3195 ejecti

191 3215 357 3302 fuerant,
378 3212 459 3285 irati
478 3228 605 3286 contra
622 3236 704 3286 suos
727 3238 817 3312 quos
841 3211 1134 3314 subjugaverant,
1159 3213 1261 3288 miso·

190 3355 252 3405 ros
269 3326 437 3403 idolatras
451 3327 675 3416 invaserant,
690 3341 725 3400 et
740 3327 918 3400 incorum
932 3353 1083 3428 corpora
1100 3353 1260 3428 grassan-

190 3459 244 3521 tes
259 3445 367 3518 nimis
385 3442 465 3517 illos
478 3440 713 3517 vexabantA
729 3440 938 3543 parentibus
951 3443 1071 3543 itaque
1082 3442 1127 3516 ad
1139 3443 1260 3517 vuum

189 3563 254 3637 Dei
279 3560 451 3662 pertracti
478 3576 583 3649 sunt;
610 3585 685 3661 quo
709 3575 835 3634 orante
854 3573 891 3633 ct
907 3560 1163 3660 praecipiente,
1183 3587 1260 3634 ma-

190 3678 279 3778 ligni
298 3677 417 3752 hostes
434 3701 578 3776 perora
597 3702 724 3751 eorum
741 3701 826 3748 cum
841 3675 1013 3775 sauguine
1029 3676 1158 3777 egressi
1171 3702 1259 3751 nus·

192 3821 303 3895 quam
318 3808 612 3892 comparuerunt.

243 3909 453 4006 Quondam,
467 3909 553 3982 dum
567 3910 691 3985 beatus
702 3910 875 3985 Martialis
888 3910 1116 3984 Mauritaniae
1129 3910 1260 4011 praedi-

224 4174 263 4244 (t)
281 4167 641 4242 Mortague·sur·Giroude.
