<?xml version="1.0" encoding="UTF-8"?>
<!DOCTYPE html PUBLIC "-//W3C//DTD XHTML 1.0 Transitional//EN"
    "http://www.w3.org/TR/xhtml1/DTD/xhtml1-transitional.dtd">
<html xmlns="http://www.w3.org/1999/xhtml" xml:lang="en" lang="en">
 <head>
  <title>
</title>
<meta http-equiv="Content-Type" content="text/html;charset=utf-8" />
  <meta name='ocr-system' content='tesseract 3.04.00' />
  <meta name='ocr-capabilities' content='ocr_page ocr_carea ocr_par ocr_line ocrx_word'/>
</head>
<body>
  <div class='ocr_page' id='page_1' title='image "./ordericivitalis02deligoog/ordericivitalis02deligoog_0355.png"; bbox 0 0 2894 4958; ppageno 0'>
   <div class='ocr_carea' id='block_1_1' title="bbox 183 426 1254 2050">
    <p class='ocr_par' dir='ltr' id='par_1_1' title="bbox 188 426 973 491">
     <span class='ocr_line' id='line_1_1' title="bbox 188 426 973 491; baseline -0.001 0"><span class='ocrx_word' id='word_1_1' title='bbox 188 430 249 491; x_wconf 69' lang='lat'><strong>342</strong></span> <span class='ocrx_word' id='word_1_2' title='bbox 464 426 649 488; x_wconf 70' lang='lat' dir='ltr'>HISTORIA</span> <span class='ocrx_word' id='word_1_3' title='bbox 670 426 973 490; x_wconf 64' lang='lat' dir='ltr'><strong>Bcctffitasttcn</strong></span> 
     </span>
    </p>

    <p class='ocr_par' dir='ltr' id='par_1_2' title="bbox 185 546 1254 975">
     <span class='ocr_line' id='line_1_2' title="bbox 186 546 1254 649; baseline 0.001 -27"><span class='ocrx_word' id='word_1_4' title='bbox 186 564 437 648; x_wconf 84' lang='lat' dir='ltr'><strong>sumpserunt,</strong></span> <span class='ocrx_word' id='word_1_5' title='bbox 468 547 693 649; x_wconf 89' lang='lat' dir='ltr'><strong>populosque</strong></span> <span class='ocrx_word' id='word_1_6' title='bbox 720 546 809 648; x_wconf 90' lang='lat' dir='ltr'><strong>quid</strong></span> <span class='ocrx_word' id='word_1_7' title='bbox 834 547 997 621; x_wconf 84' lang='lat' dir='ltr'><strong>homines</strong></span> <span class='ocrx_word' id='word_1_8' title='bbox 1026 546 1254 623; x_wconf 71' lang='lat' dir='ltr'><strong>rationabiles</strong></span> 
     </span>
     <span class='ocr_line' id='line_1_3' title="bbox 186 663 1249 767; baseline 0 -29"><span class='ocrx_word' id='word_1_9' title='bbox 186 693 308 767; x_wconf 83' lang='lat' dir='ltr'><strong>agere,</strong></span> <span class='ocrx_word' id='word_1_10' title='bbox 328 665 384 738; x_wconf 91' lang='lat' dir='ltr'><strong>vel</strong></span> <span class='ocrx_word' id='word_1_11' title='bbox 397 664 551 765; x_wconf 85' lang='lat' dir='ltr'><strong>qualiter</strong></span> <span class='ocrx_word' id='word_1_12' title='bbox 562 663 711 739; x_wconf 87' lang='lat' dir='ltr'><strong>obedire</strong></span> <span class='ocrx_word' id='word_1_13' title='bbox 723 667 801 739; x_wconf 87' lang='lat' dir='ltr'><strong>Deo</strong></span> <span class='ocrx_word' id='word_1_14' title='bbox 815 663 1011 754; x_wconf 86' lang='lat' dir='ltr'><strong>deberent,</strong></span> <span class='ocrx_word' id='word_1_15' title='bbox 1026 663 1249 761; x_wconf 76' lang='lat' dir='ltr'><strong>docueruut3</strong></span> 
     </span>
     <span class='ocr_line' id='line_1_4' title="bbox 185 780 1252 885; baseline 0.001 -27"><span class='ocrx_word' id='word_1_16' title='bbox 185 782 461 883; x_wconf 87' lang='lat' dir='ltr'><strong>exemplumque</strong></span> <span class='ocrx_word' id='word_1_17' title='bbox 477 780 671 857; x_wconf 86' lang='lat' dir='ltr'><strong>brutorum</strong></span> <span class='ocrx_word' id='word_1_18' title='bbox 680 782 896 856; x_wconf 85' lang='lat' dir='ltr'><strong>animalium</strong></span> <span class='ocrx_word' id='word_1_19' title='bbox 913 781 1030 885; x_wconf 82' lang='lat' dir='ltr'><strong>digito</strong></span> <span class='ocrx_word' id='word_1_20' title='bbox 1044 810 1124 883; x_wconf 80' lang='lat' dir='ltr'><strong>prae</strong></span> <span class='ocrx_word' id='word_1_21' title='bbox 1140 783 1252 859; x_wconf 74' lang='lat' dir='ltr'><strong>oculis</strong></span> 
     </span>
     <span class='ocr_line' id='line_1_5' title="bbox 185 897 433 975; baseline -0.012 0"><span class='ocrx_word' id='word_1_22' title='bbox 185 897 433 975; x_wconf 85' lang='lat' dir='ltr'><strong>ostenderunt.</strong></span> 
     </span>
    </p>

    <p class='ocr_par' dir='ltr' id='par_1_3' title="bbox 183 1013 1252 2050">
     <span class='ocr_line' id='line_1_6' title="bbox 233 1013 1252 1118; baseline -0.001 -27"><span class='ocrx_word' id='word_1_23' title='bbox 233 1019 330 1118; x_wconf 78' lang='lat' dir='ltr'><strong>Rege</strong></span> <span class='ocrx_word' id='word_1_24' title='bbox 341 1016 557 1118; x_wconf 75' lang='lat' dir='ltr'><strong>populisque</strong></span> <span class='ocrx_word' id='word_1_25' title='bbox 575 1013 799 1117; x_wconf 75' lang='lat' dir='ltr'><strong>petentibus,</strong></span> <span class='ocrx_word' id='word_1_26' title='bbox 816 1040 893 1101; x_wconf 82' lang='lat' dir='ltr'><strong>uno</strong></span> <span class='ocrx_word' id='word_1_27' title='bbox 908 1042 1006 1092; x_wconf 85' lang='lat' dir='ltr'><strong>anno</strong></span> <span class='ocrx_word' id='word_1_28' title='bbox 1019 1031 1057 1092; x_wconf 85' lang='lat' dir='ltr'><strong>ct</strong></span> <span class='ocrx_word' id='word_1_29' title='bbox 1068 1013 1252 1092; x_wconf 67' lang='lat' dir='ltr'><strong>mensibus</strong></span> 
     </span>
     <span class='ocr_line' id='line_1_7' title="bbox 185 1133 1252 1239; baseline 0.003 -28"><span class='ocrx_word' id='word_1_30' title='bbox 185 1136 302 1211; x_wconf 87' lang='lat' dir='ltr'><strong>tribus</strong></span> <span class='ocrx_word' id='word_1_31' title='bbox 325 1135 538 1238; x_wconf 69' lang='lat' dir='ltr'><strong>Babyloniae</strong></span> <span class='ocrx_word' id='word_1_32' title='bbox 561 1134 774 1210; x_wconf 81' lang='lat' dir='ltr'><strong>commorati</strong></span> <span class='ocrx_word' id='word_1_33' title='bbox 798 1149 897 1209; x_wconf 78' lang='lat' dir='ltr'><strong>sunt.</strong></span> <span class='ocrx_word' id='word_1_34' title='bbox 918 1133 1003 1230; x_wconf 87' lang='lat' dir='ltr'><strong>Quo</strong></span> <span class='ocrx_word' id='word_1_35' title='bbox 1025 1136 1252 1239; x_wconf 73' lang='lat' dir='ltr'><strong>intempore</strong></span> 
     </span>
     <span class='ocr_line' id='line_1_8' title="bbox 183 1249 1252 1352; baseline 0.002 -25"><span class='ocrx_word' id='word_1_36' title='bbox 183 1252 336 1352; x_wconf 75' lang='lat' dir='ltr'><strong>amplius</strong></span> <span class='ocrx_word' id='word_1_37' title='bbox 348 1276 458 1352; x_wconf 86' lang='lat' dir='ltr'><strong>quam</strong></span> <span class='ocrx_word' id='word_1_38' title='bbox 476 1275 524 1324; x_wconf 80' lang='lat' dir='ltr'><strong>cx</strong></span> <span class='ocrx_word' id='word_1_39' title='bbox 538 1249 653 1323; x_wconf 87' lang='lat' dir='ltr'><strong>millia</strong></span> <span class='ocrx_word' id='word_1_40' title='bbox 670 1250 853 1340; x_wconf 82' lang='lat' dir='ltr'><strong>virorum,</strong></span> <span class='ocrx_word' id='word_1_41' title='bbox 871 1251 1030 1350; x_wconf 75' lang='lat' dir='ltr'><strong>exceptis</strong></span> <span class='ocrx_word' id='word_1_42' title='bbox 1044 1253 1252 1350; x_wconf 76' lang='lat' dir='ltr'><strong>pervolitet</strong></span> 
     </span>
     <span class='ocr_line' id='line_1_9' title="bbox 184 1365 1251 1470; baseline 0.001 -29"><span class='ocrx_word' id='word_1_43' title='bbox 184 1365 415 1455; x_wconf 74' lang='lat' dir='ltr'><strong>mulieribus,</strong></span> <span class='ocrx_word' id='word_1_44' title='bbox 434 1365 604 1465; x_wconf 79' lang='lat' dir='ltr'><strong>baptizati</strong></span> <span class='ocrx_word' id='word_1_45' title='bbox 620 1381 719 1440; x_wconf 82' lang='lat' dir='ltr'><strong>eunt.</strong></span> <span class='ocrx_word' id='word_1_46' title='bbox 733 1365 837 1441; x_wconf 69' lang='lat' dir='ltr'><strong>Prius</strong></span> <span class='ocrx_word' id='word_1_47' title='bbox 851 1391 916 1440; x_wconf 89' lang='lat' dir='ltr'><strong>rex</strong></span> <span class='ocrx_word' id='word_1_48' title='bbox 931 1380 969 1441; x_wconf 88' lang='lat' dir='ltr'><strong>et</strong></span> <span class='ocrx_word' id='word_1_49' title='bbox 985 1365 1167 1442; x_wconf 73' lang='lat' dir='ltr'><strong>universa</strong></span> <span class='ocrx_word' id='word_1_50' title='bbox 1178 1366 1251 1470; x_wconf 71' lang='lat' dir='ltr'><strong>dig·</strong></span> 
     </span>
     <span class='ocr_line' id='line_1_10' title="bbox 184 1479 1249 1583; baseline 0.002 -25"><span class='ocrx_word' id='word_1_51' title='bbox 184 1487 316 1559; x_wconf 83' lang='lat' dir='ltr'><strong>nitatee</strong></span> <span class='ocrx_word' id='word_1_52' title='bbox 331 1486 406 1583; x_wconf 82' lang='lat' dir='ltr'><strong>ejua</strong></span> <span class='ocrx_word' id='word_1_53' title='bbox 423 1479 531 1556; x_wconf 88' lang='lat' dir='ltr'><strong>fidem</strong></span> <span class='ocrx_word' id='word_1_54' title='bbox 547 1499 794 1581; x_wconf 79' lang='lat' dir='ltr'><strong>susceperunt.</strong></span> <span class='ocrx_word' id='word_1_55' title='bbox 814 1480 994 1557; x_wconf 76' lang='lat' dir='ltr'><strong>Videbunt</strong></span> <span class='ocrx_word' id='word_1_56' title='bbox 1009 1483 1110 1555; x_wconf 85' lang='lat' dir='ltr'><strong>euim</strong></span> <span class='ocrx_word' id='word_1_57' title='bbox 1128 1508 1249 1560; x_wconf 75' lang='lat' dir='ltr'><strong>omncs</strong></span> 
     </span>
     <span class='ocr_line' id='line_1_11' title="bbox 185 1597 1249 1691; baseline 0 -17"><span class='ocrx_word' id='word_1_58' title='bbox 185 1600 412 1676; x_wconf 74' lang='lat' dir='ltr'><strong>infirmitates</strong></span> <span class='ocrx_word' id='word_1_59' title='bbox 433 1599 546 1674; x_wconf 81' lang='lat' dir='ltr'><strong>verbo</strong></span> <span class='ocrx_word' id='word_1_60' title='bbox 567 1601 708 1691; x_wconf 85' lang='lat' dir='ltr'><strong>curari,</strong></span> <span class='ocrx_word' id='word_1_61' title='bbox 731 1625 845 1675; x_wconf 78' lang='lat' dir='ltr'><strong>caecos</strong></span> <span class='ocrx_word' id='word_1_62' title='bbox 870 1597 1067 1673; x_wconf 85' lang='lat' dir='ltr'><strong>illuminari</strong></span> <span class='ocrx_word' id='word_1_63' title='bbox 1091 1613 1131 1673; x_wconf 90' lang='lat' dir='ltr'><strong>et</strong></span> <span class='ocrx_word' id='word_1_64' title='bbox 1151 1625 1249 1674; x_wconf 63' lang='lat' dir='ltr'><strong>mon</strong></span> 
     </span>
     <span class='ocr_line' id='line_1_12' title="bbox 184 1713 1246 1817; baseline -0.002 -25"><span class='ocrx_word' id='word_1_65' title='bbox 184 1734 267 1795; x_wconf 81' lang='lat' dir='ltr'><strong>tuoe</strong></span> <span class='ocrx_word' id='word_1_66' title='bbox 283 1716 459 1791; x_wconf 79' lang='lat' dir='ltr'><strong>suscitari.</strong></span> <span class='ocrx_word' id='word_1_67' title='bbox 477 1713 610 1789; x_wconf 72' lang='lat' dir='ltr'><strong>Abdin</strong></span> <span class='ocrx_word' id='word_1_68' title='bbox 619 1768 631 1808; x_wconf 83' lang='lat'><em>,</em></span> <span class='ocrx_word' id='word_1_69' title='bbox 646 1717 709 1817; x_wconf 89' lang='lat' dir='ltr'><strong>qui</strong></span> <span class='ocrx_word' id='word_1_70' title='bbox 727 1742 811 1789; x_wconf 89' lang='lat' dir='ltr'><strong>cum</strong></span> <span class='ocrx_word' id='word_1_71' title='bbox 828 1716 913 1816; x_wconf 78' lang='lat' dir='ltr'><strong>ipsis</strong></span> <span class='ocrx_word' id='word_1_72' title='bbox 924 1743 944 1789; x_wconf 89' lang='lat' dir='ltr'><strong>a</strong></span> <span class='ocrx_word' id='word_1_73' title='bbox 954 1714 1077 1790; x_wconf 78' lang='lat' dir='ltr'><strong>Judaea</strong></span> <span class='ocrx_word' id='word_1_74' title='bbox 1089 1734 1246 1806; x_wconf 76' lang='lat' dir='ltr'><strong>venerat,</strong></span> 
     </span>
     <span class='ocr_line' id='line_1_13' title="bbox 185 1832 1247 1935; baseline -0.002 -26"><span class='ocrx_word' id='word_1_75' title='bbox 185 1849 222 1910; x_wconf 89' lang='lat' dir='ltr'><strong>et</strong></span> <span class='ocrx_word' id='word_1_76' title='bbox 238 1837 312 1935; x_wconf 80' lang='lat' dir='ltr'><strong>ipse</strong></span> <span class='ocrx_word' id='word_1_77' title='bbox 328 1832 442 1908; x_wconf 75' lang='lat' dir='ltr'><strong>oculis</strong></span> <span class='ocrx_word' id='word_1_78' title='bbox 455 1833 528 1906; x_wconf 83' lang='lat' dir='ltr'><strong>auis</strong></span> <span class='ocrx_word' id='word_1_79' title='bbox 540 1832 740 1906; x_wconf 88' lang='lat' dir='ltr'><strong>Dominum</strong></span> <span class='ocrx_word' id='word_1_80' title='bbox 756 1833 876 1907; x_wconf 73' lang='lat' dir='ltr'><strong>letum</strong></span> <span class='ocrx_word' id='word_1_81' title='bbox 889 1832 1047 1922; x_wconf 87' lang='lat' dir='ltr'><strong>viderat,</strong></span> <span class='ocrx_word' id='word_1_82' title='bbox 1064 1833 1247 1934; x_wconf 64' lang='lat' dir='ltr'><strong>epiecopus</strong></span> 
     </span>
     <span class='ocr_line' id='line_1_14' title="bbox 183 1950 1247 2050; baseline -0.006 -22"><span class='ocrx_word' id='word_1_83' title='bbox 183 1953 371 2028; x_wconf 88' lang='lat' dir='ltr'><strong>ordinatus</strong></span> <span class='ocrx_word' id='word_1_84' title='bbox 396 1969 471 2042; x_wconf 84' lang='lat' dir='ltr'><strong>est,</strong></span> <span class='ocrx_word' id='word_1_85' title='bbox 501 1967 539 2026; x_wconf 86' lang='lat' dir='ltr'><strong>et</strong></span> <span class='ocrx_word' id='word_1_86' title='bbox 566 1952 690 2025; x_wconf 83' lang='lat' dir='ltr'><strong>civitas</strong></span> <span class='ocrx_word' id='word_1_87' title='bbox 717 1950 873 2026; x_wconf 76' lang='lat' dir='ltr'><strong>ecclesiis</strong></span> <span class='ocrx_word' id='word_1_88' title='bbox 897 1950 1033 2050; x_wconf 79' lang='lat' dir='ltr'><strong>repleta</strong></span> <span class='ocrx_word' id='word_1_89' title='bbox 1060 1966 1128 2024; x_wconf 86' lang='lat' dir='ltr'><strong>est.</strong></span> <span class='ocrx_word' id='word_1_90' title='bbox 1160 1950 1247 2045; x_wconf 82' lang='lat' dir='ltr'><strong>Qui·</strong></span> 
     </span>
    </p>
   </div>
   <div class='ocr_carea' id='block_1_2' title="bbox 184 2067 1246 2281">
    <p class='ocr_par' dir='ltr' id='par_1_4' title="bbox 184 2067 1246 2281">
     <span class='ocr_line' id='line_1_15' title="bbox 184 2067 1246 2170; baseline -0.001 -26"><span class='ocrx_word' id='word_1_91' title='bbox 184 2072 252 2146; x_wconf 87' lang='lat' dir='ltr'><strong>bue</strong></span> <span class='ocrx_word' id='word_1_92' title='bbox 279 2073 349 2145; x_wconf 83' lang='lat' dir='ltr'><strong>rite</strong></span> <span class='ocrx_word' id='word_1_93' title='bbox 375 2069 550 2145; x_wconf 73' lang='lat' dir='ltr'><strong>oniinatis</strong></span> <span class='ocrx_word' id='word_1_94' title='bbox 562 2122 575 2160; x_wconf 84' lang='lat'><strong><em>,</em></strong></span> <span class='ocrx_word' id='word_1_95' title='bbox 600 2069 755 2170; x_wconf 84' lang='lat' dir='ltr'><strong>profecti</strong></span> <span class='ocrx_word' id='word_1_96' title='bbox 782 2087 881 2143; x_wconf 85' lang='lat' dir='ltr'><strong>aunt.</strong></span> <span class='ocrx_word' id='word_1_97' title='bbox 909 2067 1164 2170; x_wconf 76' lang='lat' dir='ltr'><strong>Sequebantur</strong></span> <span class='ocrx_word' id='word_1_98' title='bbox 1185 2096 1246 2143; x_wconf 76' lang='lat' dir='ltr'><strong>au·</strong></span> 
     </span>
     <span class='ocr_line' id='line_1_16' title="bbox 187 2178 1246 2281; baseline -0.002 -25"><span class='ocrx_word' id='word_1_99' title='bbox 187 2198 261 2256; x_wconf 89' lang='lat' dir='ltr'><strong>tem</strong></span> <span class='ocrx_word' id='word_1_100' title='bbox 286 2207 347 2256; x_wconf 81' lang='lat' dir='ltr'><strong>eos</strong></span> <span class='ocrx_word' id='word_1_101' title='bbox 369 2178 488 2254; x_wconf 83' lang='lat' dir='ltr'><strong>turbae</strong></span> <span class='ocrx_word' id='word_1_102' title='bbox 512 2179 796 2281; x_wconf 82' lang='lat' dir='ltr'><strong>discipulorum,</strong></span> <span class='ocrx_word' id='word_1_103' title='bbox 815 2180 961 2255; x_wconf 85' lang='lat' dir='ltr'><strong>ducenti</strong></span> <span class='ocrx_word' id='word_1_104' title='bbox 983 2197 1019 2255; x_wconf 91' lang='lat' dir='ltr'><strong>et</strong></span> <span class='ocrx_word' id='word_1_105' title='bbox 1040 2207 1085 2256; x_wconf 90' lang='lat' dir='ltr'><strong>eo</strong></span> <span class='ocrx_word' id='word_1_106' title='bbox 1102 2181 1246 2281; x_wconf 79' lang='lat' dir='ltr'><strong>ampliat</strong></span> 
     </span>
    </p>
   </div>
   <div class='ocr_carea' id='block_1_3' title="bbox 99 2297 1250 3918">
    <p class='ocr_par' dir='ltr' id='par_1_5' title="bbox 184 2297 1247 2491">
     <span class='ocr_line' id='line_1_17' title="bbox 186 2297 1247 2399; baseline 0.001 -28"><span class='ocrx_word' id='word_1_107' title='bbox 186 2301 269 2374; x_wconf 88' lang='lat' dir='ltr'><strong>viri.</strong></span> <span class='ocrx_word' id='word_1_108' title='bbox 297 2300 566 2373; x_wconf 86' lang='lat' dir='ltr'><strong>Circumierunt</strong></span> <span class='ocrx_word' id='word_1_109' title='bbox 592 2322 646 2372; x_wconf 79' lang='lat' dir='ltr'><strong>xit</strong></span> <span class='ocrx_word' id='word_1_110' title='bbox 672 2300 877 2399; x_wconf 79' lang='lat' dir='ltr'><strong>provinciae</strong></span> <span class='ocrx_word' id='word_1_111' title='bbox 901 2298 1054 2374; x_wconf 72' lang='lat' dir='ltr'><strong>Persidis</strong></span> <span class='ocrx_word' id='word_1_112' title='bbox 1081 2313 1121 2373; x_wconf 89' lang='lat' dir='ltr'><strong>et</strong></span> <span class='ocrx_word' id='word_1_113' title='bbox 1148 2297 1247 2372; x_wconf 68' lang='lat' dir='ltr'><strong>urbes</strong></span> 
     </span>
     <span class='ocr_line' id='line_1_18' title="bbox 184 2443 321 2491; baseline -0.015 0"><span class='ocrx_word' id='word_1_114' title='bbox 184 2443 321 2491; x_wconf 86' lang='lat' dir='ltr'><strong>earum.</strong></span> 
     </span>
    </p>

    <p class='ocr_par' dir='ltr' id='par_1_6' title="bbox 99 2528 1250 3918">
     <span class='ocr_line' id='line_1_19' title="bbox 235 2528 1246 2636; baseline 0 -30"><span class='ocrx_word' id='word_1_115' title='bbox 235 2530 378 2607; x_wconf 85' lang='lat' dir='ltr'><strong>Amcdo</strong></span> <span class='ocrx_word' id='word_1_116' title='bbox 385 2547 526 2632; x_wconf 79' lang='lat' dir='ltr'><strong>tempus</strong></span> <span class='ocrx_word' id='word_1_117' title='bbox 533 2528 780 2608; x_wconf 77' lang='lat' dir='ltr'><strong>estenarrandi</strong></span> <span class='ocrx_word' id='word_1_118' title='bbox 787 2534 941 2636; x_wconf 83' lang='lat' dir='ltr'><strong>qualiter</strong></span> <span class='ocrx_word' id='word_1_119' title='bbox 948 2533 1037 2632; x_wconf 79' lang='lat' dir='ltr'><strong>passi</strong></span> <span class='ocrx_word' id='word_1_120' title='bbox 1046 2532 1246 2606; x_wconf 85' lang='lat' dir='ltr'><strong>sunteancti</strong></span> 
     </span>
     <span class='ocr_line' id='line_1_20' title="bbox 187 2647 1246 2752; baseline -0.002 -27"><span class='ocrx_word' id='word_1_121' title='bbox 187 2650 554 2752; x_wconf 77' lang='lat' dir='ltr'><strong>apostoliMemorati</strong></span> <span class='ocrx_word' id='word_1_122' title='bbox 565 2651 772 2751; x_wconf 83' lang='lat' dir='ltr'><strong>igiturmagi</strong></span> <span class='ocrx_word' id='word_1_123' title='bbox 782 2652 957 2725; x_wconf 83' lang='lat' dir='ltr'><strong>Zameeet</strong></span> <span class='ocrx_word' id='word_1_124' title='bbox 964 2647 1116 2722; x_wconf 80' lang='lat' dir='ltr'><strong>Arsaxat</strong></span> <span class='ocrx_word' id='word_1_125' title='bbox 1124 2650 1246 2723; x_wconf 78' lang='lat' dir='ltr'><strong>scelera</strong></span> 
     </span>
     <span class='ocr_line' id='line_1_21' title="bbox 187 2763 1247 2869; baseline -0.002 -28"><span class='ocrx_word' id='word_1_126' title='bbox 187 2795 252 2869; x_wconf 87' lang='lat' dir='ltr'><strong>per</strong></span> <span class='ocrx_word' id='word_1_127' title='bbox 268 2768 428 2842; x_wconf 79' lang='lat' dir='ltr'><strong>civitatee</strong></span> <span class='ocrx_word' id='word_1_128' title='bbox 445 2763 646 2857; x_wconf 82' lang='lat' dir='ltr'><strong>faciebant,</strong></span> <span class='ocrx_word' id='word_1_129' title='bbox 666 2794 774 2868; x_wconf 84' lang='lat' dir='ltr'><strong>seque</strong></span> <span class='ocrx_word' id='word_1_130' title='bbox 793 2767 838 2840; x_wconf 85' lang='lat' dir='ltr'><strong>de</strong></span> <span class='ocrx_word' id='word_1_131' title='bbox 858 2792 989 2866; x_wconf 83' lang='lat' dir='ltr'>genere</span> <span class='ocrx_word' id='word_1_132' title='bbox 1006 2765 1162 2838; x_wconf 86' lang='lat' dir='ltr'><strong>deorum</strong></span> <span class='ocrx_word' id='word_1_133' title='bbox 1183 2789 1247 2839; x_wconf 77' lang='lat' dir='ltr'><strong>esse</strong></span> 
     </span>
     <span class='ocr_line' id='line_1_22' title="bbox 186 2881 1245 2985; baseline -0.009 -25"><span class='ocrx_word' id='word_1_134' title='bbox 186 2883 374 2975; x_wconf 81' lang='lat' dir='ltr'><strong>dicebant,</strong></span> <span class='ocrx_word' id='word_1_135' title='bbox 398 2901 434 2958; x_wconf 91' lang='lat' dir='ltr'><strong>et</strong></span> <span class='ocrx_word' id='word_1_136' title='bbox 461 2908 602 2984; x_wconf 81' lang='lat' dir='ltr'><strong>semper</strong></span> <span class='ocrx_word' id='word_1_137' title='bbox 621 2912 641 2957; x_wconf 87' lang='lat' dir='ltr'><strong>a</strong></span> <span class='ocrx_word' id='word_1_138' title='bbox 664 2884 754 2958; x_wconf 82' lang='lat' dir='ltr'><strong>facie</strong></span> <span class='ocrx_word' id='word_1_139' title='bbox 779 2883 1026 2985; x_wconf 86' lang='lat' dir='ltr'><strong>apostolorum</strong></span> <span class='ocrx_word' id='word_1_140' title='bbox 1049 2881 1245 2982; x_wconf 77' lang='lat' dir='ltr'><strong>fugiebant.</strong></span> 
     </span>
     <span class='ocr_line' id='line_1_23' title="bbox 187 2999 1248 3104; baseline -0.004 -28"><span class='ocrx_word' id='word_1_141' title='bbox 187 3004 331 3078; x_wconf 81' lang='lat' dir='ltr'><strong>&#39;Pandiu</strong></span> <span class='ocrx_word' id='word_1_142' title='bbox 339 3001 533 3077; x_wconf 86' lang='lat' dir='ltr'><strong>manebant</strong></span> <span class='ocrx_word' id='word_1_143' title='bbox 549 3002 587 3076; x_wconf 91' lang='lat' dir='ltr'><strong>in</strong></span> <span class='ocrx_word' id='word_1_144' title='bbox 600 3028 825 3104; x_wconf 84' lang='lat' dir='ltr'><strong>quacumque</strong></span> <span class='ocrx_word' id='word_1_145' title='bbox 837 3001 996 3089; x_wconf 83' lang='lat' dir='ltr'><strong>civitate,</strong></span> <span class='ocrx_word' id='word_1_146' title='bbox 1014 2999 1134 3073; x_wconf 85' lang='lat' dir='ltr'><strong>donec</strong></span> <span class='ocrx_word' id='word_1_147' title='bbox 1146 3023 1248 3099; x_wconf 84' lang='lat' dir='ltr'><strong>agno·</strong></span> 
     </span>
     <span class='ocr_line' id='line_1_24' title="bbox 99 3119 1248 3222; baseline -0.008 -23"><span class='ocrx_word' id='word_1_148' title='bbox 99 3202 104 3214; x_wconf 69' lang='grc'>,</span> <span class='ocrx_word' id='word_1_149' title='bbox 187 3139 327 3198; x_wconf 82' lang='lat' dir='ltr'><strong>scerent</strong></span> <span class='ocrx_word' id='word_1_150' title='bbox 339 3121 519 3222; x_wconf 81' lang='lat' dir='ltr'><strong>apostolos</strong></span> <span class='ocrx_word' id='word_1_151' title='bbox 533 3120 618 3194; x_wconf 87' lang='lat' dir='ltr'><strong>illuc</strong></span> <span class='ocrx_word' id='word_1_152' title='bbox 629 3120 808 3196; x_wconf 81' lang='lat' dir='ltr'><strong>advenire.</strong></span> <span class='ocrx_word' id='word_1_153' title='bbox 824 3123 866 3193; x_wconf 88' lang='lat' dir='ltr'><strong>ln</strong></span> <span class='ocrx_word' id='word_1_154' title='bbox 878 3120 984 3193; x_wconf 90' lang='lat' dir='ltr'><strong>Sanir</strong></span> <span class='ocrx_word' id='word_1_155' title='bbox 998 3119 1055 3218; x_wconf 84' lang='lat'><strong>(1)</strong></span> <span class='ocrx_word' id='word_1_156' title='bbox 1071 3142 1147 3190; x_wconf 71' lang='lat' dir='ltr'><strong>mix</strong></span> <span class='ocrx_word' id='word_1_157' title='bbox 1162 3133 1248 3191; x_wconf 87' lang='lat' dir='ltr'><strong>tem-</strong></span> 
     </span>
     <span class='ocr_line' id='line_1_25' title="bbox 188 3233 1249 3340; baseline -0.007 -29"><span class='ocrx_word' id='word_1_158' title='bbox 188 3241 335 3340; x_wconf 86' lang='lat' dir='ltr'><strong>plorum</strong></span> <span class='ocrx_word' id='word_1_159' title='bbox 347 3237 538 3338; x_wconf 80' lang='lat' dir='ltr'><strong>pontifices</strong></span> <span class='ocrx_word' id='word_1_160' title='bbox 551 3253 667 3325; x_wconf 85' lang='lat' dir='ltr'><strong>erant,</strong></span> <span class='ocrx_word' id='word_1_161' title='bbox 678 3237 741 3338; x_wconf 89' lang='lat' dir='ltr'><strong>qui</strong></span> <span class='ocrx_word' id='word_1_162' title='bbox 753 3235 908 3337; x_wconf 83' lang='lat' dir='ltr'><strong>singulas</strong></span> <span class='ocrx_word' id='word_1_163' title='bbox 918 3236 997 3307; x_wconf 86' lang='lat' dir='ltr'><strong>auri</strong></span> <span class='ocrx_word' id='word_1_164' title='bbox 1012 3233 1124 3306; x_wconf 81' lang='lat' dir='ltr'><strong>librae</strong></span> <span class='ocrx_word' id='word_1_165' title='bbox 1138 3260 1158 3305; x_wconf 88' lang='lat' dir='ltr'><strong>a</strong></span> <span class='ocrx_word' id='word_1_166' title='bbox 1173 3255 1249 3332; x_wconf 78' lang='lat' dir='ltr'><strong>rege</strong></span> 
     </span>
     <span class='ocr_line' id='line_1_26' title="bbox 188 3351 1249 3458; baseline -0.006 -28"><span class='ocrx_word' id='word_1_167' title='bbox 188 3372 316 3458; x_wconf 84' lang='lat' dir='ltr'><strong>quater</strong></span> <span class='ocrx_word' id='word_1_168' title='bbox 332 3357 371 3429; x_wconf 91' lang='lat' dir='ltr'><strong>in</strong></span> <span class='ocrx_word' id='word_1_169' title='bbox 387 3381 485 3429; x_wconf 89' lang='lat' dir='ltr'><strong>anno</strong></span> <span class='ocrx_word' id='word_1_170' title='bbox 499 3353 826 3456; x_wconf 76' lang='lat' dir='ltr'><strong>consequebantur,</strong></span> <span class='ocrx_word' id='word_1_171' title='bbox 840 3351 986 3456; x_wconf 87' lang='lat' dir='ltr'><strong>quaudo</strong></span> <span class='ocrx_word' id='word_1_172' title='bbox 1002 3351 1088 3425; x_wconf 79' lang='lat' dir='ltr'><strong>eolis</strong></span> <span class='ocrx_word' id='word_1_173' title='bbox 1106 3351 1249 3451; x_wconf 88' lang='lat' dir='ltr'><strong>epulum</strong></span> 
     </span>
     <span class='ocr_line' id='line_1_27' title="bbox 189 3469 1249 3558; baseline -0.007 -12"><span class='ocrx_word' id='word_1_174' title='bbox 189 3471 417 3548; x_wconf 76' lang='lat' dir='ltr'><strong>celebrabant</strong></span> <span class='ocrx_word' id='word_1_175' title='bbox 437 3503 445 3543; x_wconf 90' lang='lat'><strong>:</strong></span> <span class='ocrx_word' id='word_1_176' title='bbox 467 3472 505 3546; x_wconf 89' lang='lat' dir='ltr'><strong>in</strong></span> <span class='ocrx_word' id='word_1_177' title='bbox 523 3472 678 3545; x_wconf 89' lang='lat' dir='ltr'><strong>introitu</strong></span> <span class='ocrx_word' id='word_1_178' title='bbox 699 3470 835 3546; x_wconf 84' lang='lat' dir='ltr'><strong>scilicet</strong></span> <span class='ocrx_word' id='word_1_179' title='bbox 854 3471 948 3545; x_wconf 75' lang='lat' dir='ltr'><strong>teris</strong></span> <span class='ocrx_word' id='word_1_180' title='bbox 964 3484 1001 3544; x_wconf 87' lang='lat' dir='ltr'><strong>et</strong></span> <span class='ocrx_word' id='word_1_181' title='bbox 1016 3469 1170 3558; x_wconf 63' lang='lat' dir='ltr'><strong>terune,</strong></span> <span class='ocrx_word' id='word_1_182' title='bbox 1189 3494 1249 3540; x_wconf 87' lang='lat' dir='ltr'><strong>au-</strong></span> 
     </span>
     <span class='ocr_line' id='line_1_28' title="bbox 189 3586 1250 3688; baseline -0.011 -24"><span class='ocrx_word' id='word_1_183' title='bbox 189 3588 308 3664; x_wconf 84' lang='lat' dir='ltr'><strong>tumni</strong></span> <span class='ocrx_word' id='word_1_184' title='bbox 330 3603 366 3663; x_wconf 87' lang='lat' dir='ltr'><strong>et</strong></span> <span class='ocrx_word' id='word_1_185' title='bbox 389 3587 528 3661; x_wconf 87' lang='lat' dir='ltr'><strong>hiemis.</strong></span> <span class='ocrx_word' id='word_1_186' title='bbox 545 3586 691 3662; x_wconf 83' lang='lat' dir='ltr'><strong>Praefati</strong></span> <span class='ocrx_word' id='word_1_187' title='bbox 705 3587 798 3687; x_wconf 83' lang='lat' dir='ltr'><strong>magi</strong></span> <span class='ocrx_word' id='word_1_188' title='bbox 816 3609 1063 3688; x_wconf 74' lang='lat' dir='ltr'><strong>quoecumque</strong></span> <span class='ocrx_word' id='word_1_189' title='bbox 1083 3594 1250 3683; x_wconf 75' lang='lat' dir='ltr'><strong>poterant</strong></span> 
     </span>
     <span class='ocr_line' id='line_1_29' title="bbox 189 3696 1248 3805; baseline -0.006 -26"><span class='ocrx_word' id='word_1_190' title='bbox 189 3721 315 3779; x_wconf 85' lang='lat' dir='ltr'><strong>contra</strong></span> <span class='ocrx_word' id='word_1_191' title='bbox 333 3703 513 3805; x_wconf 82' lang='lat' dir='ltr'><strong>apostolos</strong></span> <span class='ocrx_word' id='word_1_192' title='bbox 536 3701 671 3803; x_wconf 89' lang='lat' dir='ltr'><strong>ubique</strong></span> <span class='ocrx_word' id='word_1_193' title='bbox 694 3698 993 3789; x_wconf 79' lang='lat' dir='ltr'><strong>commovebant,</strong></span> <span class='ocrx_word' id='word_1_194' title='bbox 1012 3714 1049 3774; x_wconf 89' lang='lat' dir='ltr'><strong>et</strong></span> <span class='ocrx_word' id='word_1_195' title='bbox 1065 3696 1138 3774; x_wconf 87' lang='lat' dir='ltr'><strong>boc</strong></span> <span class='ocrx_word' id='word_1_196' title='bbox 1155 3723 1248 3797; x_wconf 79' lang='lat' dir='ltr'><strong>prae·</strong></span> 
     </span>
     <span class='ocr_line' id='line_1_30' title="bbox 189 3815 739 3918; baseline -0.007 -24"><span class='ocrx_word' id='word_1_197' title='bbox 189 3836 314 3895; x_wconf 73' lang='lat' dir='ltr'><strong>euntes</strong></span> <span class='ocrx_word' id='word_1_198' title='bbox 329 3819 465 3894; x_wconf 80' lang='lat' dir='ltr'><strong>obnixe</strong></span> <span class='ocrx_word' id='word_1_199' title='bbox 480 3815 739 3918; x_wconf 85' lang='lat' dir='ltr'><strong>procurabant.</strong></span> 
     </span>
    </p>
   </div>
   <div class='ocr_carea' id='block_1_4' title="bbox 224 4199 505 4272">
    <p class='ocr_par' dir='ltr' id='par_1_7' title="bbox 224 4199 505 4272">
     <span class='ocr_line' id='line_1_31' title="bbox 224 4199 505 4272; baseline 0 -17"><span class='ocrx_word' id='word_1_200' title='bbox 224 4203 234 4271; x_wconf 66' lang='lat' dir='ltr'><strong>l</strong></span> <span class='ocrx_word' id='word_1_201' title='bbox 240 4202 263 4272; x_wconf 82' lang='grc' dir='ltr'><strong>ι)</strong></span> <span class='ocrx_word' id='word_1_202' title='bbox 281 4200 355 4256; x_wconf 71' lang='lat' dir='ltr'><strong>uim</strong></span> <span class='ocrx_word' id='word_1_203' title='bbox 370 4223 377 4255; x_wconf 76' lang='grc' dir='ltr'>ι</span> <span class='ocrx_word' id='word_1_204' title='bbox 393 4199 505 4256; x_wconf 71' lang='lat' dir='ltr'><strong>Sumit.</strong></span> 
     </span>
    </p>
   </div>
   <div class='ocr_carea' id='block_1_5' title="bbox 0 0 1452 4958">
    <p class='ocr_par' dir='ltr' id='par_1_8' title="bbox 0 0 1452 4958">
     <span class='ocr_line' id='line_1_32' title="bbox 0 0 1452 4958; baseline 0 0"><span class='ocrx_word' id='word_1_205' title='bbox 0 0 1452 4958; x_wconf 95' lang='lat' dir='ltr'><strong> </strong></span> 
     </span>
    </p>
   </div>
  </div>
 </body>
</html>
