2894 4958
420 363 424 371 ’
544 411 661 474 nrm
682 411 892 474 secururs.
936 446 944 475 1
1194 415 1250 476 sor

184 531 255 605 boc
271 557 345 605 esse
361 529 594 605 salvatorem.
614 529 778 629 Septenis
788 529 924 630 quippe
942 527 1161 604 sectionibus
1176 558 1196 603 a
1215 558 1251 605 se

182 650 298 723 Judaei
321 650 547 748 discrepant,
567 664 610 722 et
631 675 650 721 a
675 649 769 723 linea
792 648 952 722 veritatis
975 647 1132 722 deviant.
1160 648 1252 722 Nam

183 766 350 841 Pharisaei
369 782 407 841 et
418 766 601 840 Sadducaei
609 820 621 855 ,
633 765 771 841 Essenii
784 781 820 839 et
832 764 993 856 Galilaei,
1007 764 1253 864 Hemerobap-

184 886 301 976 tistee,
322 882 528 958 Rasbutbaei
549 898 586 957 et
605 884 816 972 Samaritae,
827 882 975 983 privatis
996 883 1167 984 appellari
1184 909 1254 957 vo-

184 998 321 1072 cabulis
337 999 555 1101 gloriantur,
574 1013 610 1072 et
626 998 763 1074 diversa
782 998 948 1099 dogmata
963 1023 1033 1098 pro
1050 998 1254 1073 intentione

183 1115 493 1216 sua·pertinaciter
508 1129 671 1189 asserunt
688 1128 726 1189 et
742 1129 944 1216 sequuntur
955 1115 1028 1213 (1).
1048 1115 1106 1188 Ex
1120 1113 1252 1216 quibus

184 1233 363 1333 aliquanti
394 1258 460 1331 per
489 1230 666 1305 Jacobum
693 1230 927 1305 crediderunt
952 1232 1037 1333 quia
1067 1233 1181 1306 Jesus·
1202 1249 1255 1307 est

184 1346 364 1421 Christus.
383 1347 548 1447 Cumque
559 1346 665 1418 multi
679 1373 721 1420 ex
735 1345 960 1447 principibus
971 1346 1203 1422 credidissent
1215 1349 1254 1423 in

183 1466 329 1555 Jesum,
347 1480 427 1540 orta
441 1480 494 1538 est
507 1466 633 1564 ingens
644 1460 870 1563 perturbatio
879 1464 1089 1539 Judaeorum
1099 1519 1110 1555 ,
1128 1466 1258 1539 scriba-

137 1654 140 1663 ,
186 1579 608 1680 rumetpharisaeorum,
630 1578 854 1654 dicentium:
875 1579 982 1654 Nihil
991 1598 1153 1683 superest
1170 1584 1259 1681 quin

185 1697 307 1770 onmis
310 1693 475 1798 populus
486 1694 660 1768 credatin
668 1702 804 1785 lesum,
820 1693 922 1794 quod
932 1696 1010 1794 ipse
1017 1698 1065 1768 sit
1077 1696 1254 1771 Christus.

186 1812 326 1886 Deinde
348 1811 533 1888 communi
555 1810 723 1884 consultu
746 1810 791 1883 ad
810 1810 985 1885 Jacobum
1009 1830 1256 1902 accesserunt,

186 1954 342 2028 eumque
358 1942 565 2001 reverenter
579 1941 799 2027 rogaverunt
816 1943 859 1999 ut
880 1927 917 2001 iu
933 1925 992 2001 die
1004 1926 1098 2003 fero
1114 1927 1256 2004 Pascbae

187 2045 226 2117 in
243 2043 423 2118 excelsum
441 2044 565 2144 pinnae
588 2043 712 2142 templi
730 2043 852 2118 locum
868 2043 1094 2132 ascenderet,
1113 2071 1259 2121 verum·

187 2187 259 2263 que
286 2162 532 2236 testimonium
558 2161 604 2234 de
628 2161 712 2235 lesu
735 2159 962 2234 multitudini
988 2161 1198 2237 Judaeorum
1223 2179 1260 2236 et

187 2277 400 2379 gentilium,
428 2278 492 2377 qui
514 2276 559 2350 de
581 2277 710 2350 vicinis
734 2303 797 2351 seu
821 2277 1030 2380 longinquis
1054 2280 1259 2353 civitatibus

189 2397 450 2484 convenirent,
481 2411 707 2470 asseveraret.
732 2396 782 2469 At
806 2396 868 2470 ille
875 2450 887 2485 ,
911 2397 1099 2474 occasione
1120 2413 1263 2498 accepta

186 2512 440 2588 manifestandi
469 2514 677 2602 veritatem,
704 2512 844 2587 laetntus
873 2529 944 2604 est;
973 2514 1261 2617 obsequiumque

186 2658 298 2704 suum
308 2628 556 2730 precantibus,
566 2630 653 2705 licet
665 2656 741 2705 non
754 2630 799 2703 ad
810 2628 956 2704 libitum
966 2631 1260 2733 malignantium,

184 2745 376 2848 pollititns
390 2761 457 2820 est.
472 2747 551 2821 Hoc
566 2747 665 2819 enim
680 2753 737 2820 vir
748 2749 866 2845 justus
877 2746 1003 2822 divino
1018 2748 1074 2848 agi
1091 2764 1186 2823 nutu
1203 2751 1263 2823 in·

184 2861 350 2949 tellexit,
369 2861 522 2962 ideoque
543 2861 814 2936 obsecrantibus
835 2861 1091 2963 adquieviuln
1116 2862 1261 2937 sublimi

182 2980 329 3081 positus
356 2978 401 3052 ad
429 3001 583 3053 omnem·
603 2980 893 3079 populum-voce
918 3007 1047 3081 magna
1074 2981 1260 3073 clamavit,

184 3360 390 3417 demandaient
405 3364 421 3416 'a
439 3361 511 3416 saint
526 3362 643 3436 Jacqnes
658 3378 690 3416 ee
705 3361 775 3435 qn'il
792 3361 879 3417 lallait
890 3379 990 3434 penser-
1007 3361 1043 3417 de
1054 3363 1263 3432 lesus-Christ,

185 3451 262 3506 ainsi
275 3467 330 3524 que
347 3448 373 3504 le
390 3467 493 3522 prouve
512 3448 539 3504 la
558 3453 674 3523 repense
690 3451 726 3505 de
745 3450 870 3524 l'apbtre.
886 3452 961 3505 Dans
977 3451 1120 3526 l’evangile
1137 3451 1173 3506 de
1192 3454 1265 3509 saint

184 3543 261 3596 Jean
273 3542 283 3611 (
289 3557 318 3605 x,
333 3544 379 3615 7),
392 3539 585 3595 lesus-Christ
596 3539 716 3613 emploie
733 3551 806 3596 cette
817 3542 976 3614 expression
989 3560 1024 3596 en
1040 3541 1150 3616 parlant
1161 3541 1196 3597 de
1210 3542 1266 3598 lui·

189 3628 285 3682 meme
299 3651 305 3682 ε
320 3628 423 3695 Amen,
439 3647 521 3682 amen
535 3627 597 3685 dico
609 3630 692 3684 vobis
706 3633 772 3702 quia
786 3648 837 3702 ego
850 3650 912 3685 sum
924 3632 1025 3685 ostium
1039 3634 1138 3686 ovium.

228 3721 269 3790 (r)
287 3719 374 3774 Notre
383 3729 483 3774 auteur
495 3737 510 3773 a
521 3723 669 3793 emprnnte
679 3730 751 3774 oette
763 3719 973 3776 nomenclatore
982 3720 1031 3776 des
1041 3732 1127 3777 scetes
1139 3721 1267 3780 desJuils
1381 3739 1385 3750 ·

191 3813 207 3863 a
221 3826 280 3863 une
291 3808 406 3864 citation
415 3807 602 3882 d'He'gdsippe
612 3808 680 3865 dans
689 3808 831 3869 l‘Histoire
841 3810 1047 3884 ecclesiamque
1062 3811 1198 3869 d‘Eusebe
1211 3814 1221 3884 (
1228 3832 1265 3879 ιν,

192 3897 240 3954 eb.
256 3900 319 3969 22),
333 3899 402 3952 mais
420 3897 441 3953 il
458 3916 474 3951 a
492 3896 617 3973 deligure
629 3898 656 3952 le
670 3917 736 3954 nom
749 3898 784 3953 de
799 3898 825 3953 la
843 3900 956 3955 sixieme
963 3942 972 3971 ‚
987 3900 1036 3975 qui
1048 3899 1111 3956 doit
1127 3902 1187 3958 etre
1198 3905 1269 3959 ecrit

193 3987 370 4043 Masbutbaei'
389 4006 424 4043 au
446 3988 504 4045 lieu
523 3988 559 4044 de
582 3989 757 4046 Basbutlsoei.
782 3990 877 4064 Voyez
900 4009 949 4046 sur
971 4010 1002 4047 ce
1023 4010 1136 4067 passage
1154 3992 1182 4048 la
1202 4005 1268 4050 note

194 4074 330 4131 d’lldrien
342 4077 377 4131 de
389 4077 500 4145 Valois,
513 4079 552 4132 oli
563 4078 685 4151 figurent
697 4078 841 4151 beaucoup
855 4078 889 4135 de
903 4081 1054 4147 variantes,
1072 4092 1132 4138 tant
1145 4100 1217 4155 pour
1229 4081 1269 4139 les

198 4182 276 4221 nonis
290 4184 345 4240 que
357 4185 428 4241 pour
438 4167 464 4223 le
478 4167 594 4224 nombre
603 4169 652 4226 des
664 4181 759 4225 scetes.
