2894 4958
195 418 254 480 388
471 415 654 478 HISTORIA
674 414 976 479 nccnffilastlcs.

245 535 427 610 Eraristus
439 533 600 624 Judaeus,
620 535 664 610 de
678 533 878 630 Bethleem,
897 563 941 610 ex
955 551 1059 636 patre
1071 538 1184 627 Juda,
1198 565 1251 613 se·

194 652 249 726 dit
265 653 367 724 annis
383 674 420 723 rx
436 647 617 724 mensibus
635 675 659 723 ιι
676 649 800 725 diebus
817 676 867 738 rr,
885 648 1110 751 temporibus
1127 652 1249 726 Domi-

195 767 303 855 tiani,
323 765 450 839 Nervae
467 782 503 839 et
518 766 676 866 Trajani.
694 772 779 840 Post
793 768 1008 868 martyrium
1022 769 1097 865 ejus
1109 770 1249 841 cesant

192 885 414 984 episcopatus
429 882 553 957 diebus
575 908 680 957 xvrrr.
699 885 767 956 Hic
791 908 842 958 ιιι
865 883 1031 959 diacones
1053 882 1246 972 ordinarit,

192 1001 255 1098 qui
283 999 504 1077 custodirent
532 1000 738 1098 episcopum
761 1000 1018 1100 praedicantem
1039 1028 1107 1098 per
1130 1001 1247 1075 stilum

191 1112 368 1201 veritatis,
384 1111 487 1209 eique
499 1108 598 1183 velut
614 1116 709 1189 oculi
728 1132 845 1192 essent
860 1119 898 1190 in
914 1114 1085 1190 omnibus
1103 1114 1246 1189 locis-b

191 1233 298 1306 etiam
315 1229 505 1303 constituit
526 1243 568 1299 ut
584 1229 642 1300 vir
657 1252 825 1320 uxorem,
849 1229 907 1304 vel
929 1228 1061 1302 mulier
1081 1232 1247 1306 maritum

192 1373 268 1421 non
284 1347 461 1433 dimittat,
480 1369 547 1417 nec
563 1342 706 1417 ecclesia
719 1344 888 1444 episcopo
903 1369 969 1418 suo
983 1346 1132 1422 vivente
1142 1346 1246 1419 aliurn

189 1463 372 1563 accipiat(
396 1463 426 1560 ).

139 1604 141 1608 ·
238 1578 438 1652 Alexander
460 1578 660 1666 Romanus,
681 1577 726 1652 de
743 1578 889 1679 regione
914 1577 1038 1679 Caput
1055 1579 1190 1665 Tauri,
1206 1601 1245 1649 er

189 1714 290 1799 patre
306 1695 530 1788 Alexandro,
549 1696 653 1768 annis
667 1720 692 1768 x
705 1694 886 1769 mensibus
900 1719 952 1767 ιιι
965 1693 1093 1767 diebus
1112 1719 1166 1766 xr.
1185 1694 1245 1765 llic

190 1815 401 1915 aspersionis
421 1838 548 1913 aquarn
571 1837 654 1885 curn
674 1812 745 1886 sale
768 1813 805 1884 iu
828 1811 1038 1885 habitaculis
1061 1810 1244 1886 bominum

190 1931 391 2019 benedixit,
410 1936 447 2003 et
464 1929 664 2030 passionem
682 1930 829 2004 Domini
852 1931 891 2002 in
915 1930 1124 2030 precatione
1139 1954 1243 2002 sacn-

188 2049 333 2138 dotum,
355 2049 444 2121 dum
465 2048 581 2120 missae
605 2047 845 2137 celebrantur,
868 2049 1026 2121 miscuit.
1051 2047 1167 2121 Multa
1188 2070 1244 2146 per

186 2193 271 2242 eum
288 2166 463 2241 Dominus
484 2165 656 2238 miracula
681 2165 786 2255 fecit,
810 2179 848 2239 et
867 2164 990 2237 multis
1011 2163 1164 2238 salutern
1179 2163 1245 2237 ani·

189 2282 314 2356 mabus
324 2279 435 2355 dedit.
450 2279 611 2354 Tandem
622 2283 679 2352 via
690 2265 937 2368 Nomentana,
956 2291 997 2354 νο
1013 2304 1131 2353 nonas
1146 2277 1242 2364 maii,

188 2397 382 2472 decollatus
394 2411 447 2470 est
453 2449 465 2485 ,
480 2413 517 2469 et
530 2397 676 2470 cessarit
687 2398 910 2496 episcopatus
921 2392 1047 2469 diebus
1062 2419 1165 2468 xxxv
1180 2394 1197 2492 (
1218 2394 1241 2487 ).

237 2515 357 2586 Sixtus
369 2514 564 2603 Romanus,
576 2528 728 2612 expatre
738 2514 897 2600 Pastore,
911 2511 955 2586 de
967 2510 1034 2586 Via
1046 2513 1150 2600 Lata,
1164 2509 1244 2583 sedit

187 2632 290 2704 annis
307 2656 332 2703 x
348 2629 529 2704 mensibus
552 2654 577 2701 rr
594 2629 653 2704 die
668 2655 758 2704 uno.
776 2631 844 2702 Hic
857 2628 1015 2702 decrevit
1032 2644 1077 2701 ut
1095 2627 1244 2700 ministr

186 2749 241 2821 ria
259 2762 390 2820 sacrata
412 2771 488 2820 nou
511 2761 705 2847 tangantur
721 2746 790 2818 nisi
809 2773 829 2817 a
848 2744 1036 2817 ministris.
1058 2742 1243 2845 Presbyter

220 3007 259 3076 (ι)
277 3004 391 3075 (roo-26
408 3023 444 3060 ou
458 3022 491 3079 27
504 3004 617 3061 octobre
633 3006 703 3078 ¹09·l
717 3005 805 3060 Notre
821 3015 921 3060 auteur
936 3014 1058 3059 nominet
1077 3023 1118 3059 un
1138 3004 1241 3060 lichen

186 3095 397 3151 anachronisme
413 3114 449 3151 en
464 3095 574 3167 placant
586 3112 642 3149 une
658 3094 771 3167 portion
786 3093 828 3148 du
840 3094 984 3166 pontificat
995 3092 1032 3147 de
1044 3095 1121 3148 saint
1133 3080 1241 3147 Eraria

186 3203 249 3240 sons
261 3185 300 3240 les
311 3186 409 3259 regnes
422 3185 457 3241 de
469 3185 611 3240 Domitien
622 3195 652 3239 et
664 3183 699 3238 de
712 3183 815 3252 Nerva,
829 3183 921 3238 tandis
932 3201 988 3258 que
997 3182 1025 3238 le
1037 3181 1156 3237 dernier
1164 3181 1199 3234 de
1208 3192 1241 3232 cet

186 3293 346 3350 empereurs
354 3277 423 3331 etait
431 3286 504 3330 mort
513 3274 561 3330 des
570 3273 596 3328 le
609 3275 679 3330 mois
688 3273 724 3329 de
729 3272 837 3345 janvier
849 3273 893 3347 98.
906 3273 982 3328 Tout
998 3271 1024 3327 le
1035 3282 1110 3327 reste
1122 3269 1164 3324 du
1174 3285 1239 3342 pare

187 3367 292 3441 graphe
301 3366 370 3423 n‘est
378 3384 426 3440 pas
438 3364 500 3440 plus
510 3365 703 3438 authentique.
717 3363 924 3419 laeshistoriens
936 3361 1158 3434 ecclesiastiques
1166 3355 1238 3431 expli·

188 3466 276 3529 quent
288 3473 332 3510 ces
343 3463 416 3509 mots
430 3477 436 3507 :
449 3454 666 3527 pmpterstilum
678 3455 819 3520 veriatis,
830 3470 882 3525 par
893 3451 920 3505 la
931 3448 1101 3522 panpbrase
1111 3447 1236 3502 sniranttt

187 3546 271 3616 quasi
280 3560 357 3596 verce
369 3539 503 3596 doctrinoe
516 3549 612 3608 testes,
628 3558 663 3594 ne
675 3540 712 3595 ob
725 3540 835 3594 oemulir
845 3542 972 3610 episcopo
984 3535 1158 3607 proedicanti
1166 3537 1237 3604 impr

188 3640 321 3686 narentur
333 3648 453 3697 errores,
465 3632 515 3702 qui
526 3633 554 3683 εἰ
562 3630 776 3697 ascriberentur,
788 3647 858 3702 quos
871 3637 963 3682 unsre
975 3644 1032 3680 non
1045 3626 1223 3680 commisisset.

222 3720 262 3790 (a)
278 3716 414 3790 (Octobre
429 3715 512 3792 109-3
524 3719 579 3772 mai
595 3719 666 3791 119.)
676 3717 812 3773 Ilestlort
821 3717 1008 3789 douteuxque
1015 3714 1089 3770 saint
1100 3707 1235 3769 Alexandrt

189 3809 228 3862 ait
240 3809 358 3864 termine
370 3827 399 3862 sa
412 3808 454 3863 rie
471 3826 521 3881 par
533 3807 559 3862 le
571 3817 707 3879 martyre,
720 3817 749 3862 et
760 3805 817 3862 l'ou
831 3824 866 3862 ne
878 3803 989 3860 eonnalt
1000 3803 1064 3857 rien
1072 3802 1109 3858 de
1122 3796 1233 3860 oesnint

189 3896 229 3950 lui
238 3897 383 3952 attribuer.
392 3897 534 3970 Laregion
544 3897 635 3969 Caput
649 3897 740 3950 Tauri
750 3897 838 3968 parsit
850 3895 926 3950 avoir
934 3894 1040 3965 ocenpe
1051 3892 1079 3948 le
1086 3901 1166 3947 mont
1175 3885 1231 3945 Pit·

187 3986 231 4038 tin
239 3995 318 4040 etses
329 3988 470 4054 environs,
481 4005 516 4041 en
527 4005 556 4041 se
565 3985 748 4059 prolongeaut
756 3985 849 4040 versle
858 3983 928 4039 midi
933 3982 1083 4056 jusqn’aux
1090 3997 1167 4036 murs
1177 3971 1229 4031 del¹

186 4073 264 4140 ville,
278 4072 314 4128 de
325 4075 447 4146 muniere
460 4081 476 4130 t
491 4075 673 4150 comprendre
689 4075 714 4130 la
727 4074 846 4131 dirieme
862 4084 892 4128 et
905 4069 1048 4146 peut-bne
1066 4069 1092 4125 la
1108 4065 1229 4125 donam

186 4162 282 4233 region
294 4160 329 4216 de
340 4160 367 4216 la
380 4160 498 4218 division
509 4162 672 4235 d'Angutte.
