2894 4958
517 499 634 562 LIBER
655 498 865 561 SECUNDUS.
1165 502 1222 562 361

166 638 200 695 et
214 619 376 720 diligenti
396 643 482 691 eura
498 617 653 691 seriatim
671 632 826 689 enarrat.
850 616 937 690 lnde
952 614 1117 716 quaedam
1136 615 1225 690 mihi

166 735 333 838 colligere
350 735 474 832 cupio,
493 733 536 806 ad
552 759 634 834 quoe
652 732 847 833 colligenda
862 733 1040 832 Spiritum
1054 733 1227 805 Sanctum

166 856 318 944 invoco,
333 867 375 926 ut
391 878 498 952 opem
514 877 613 924 suam
629 877 711 925 meo
727 851 897 952 dignetur
910 849 1076 924 conferre
1092 848 1224 924 studio.

213 970 319 1072 Apud
330 970 512 1079 Jndaeam,
527 968 615 1042 dum
627 971 804 1043 Dominus
816 984 941 1044 noster
953 971 1051 1043 Jesus
1067 967 1229 1042 Christus

166 1089 455 1188 praedicaremus
477 1086 521 1160 ad
542 1113 625 1160 cnm
650 1087 762 1159 multa
781 1086 885 1159 turba
908 1086 1118 1160 ludaeorum
1136 1113 1230 1160 con-

166 1202 314 1295 lluerct,
342 1222 378 1277 et
399 1229 438 1278 ea
465 1228 548 1302 quae
572 1204 763 1276 necessaria
792 1218 895 1276 erant
918 1202 1082 1274 humanis
1107 1198 1230 1274 usibus

166 1316 341 1407 deferret,
369 1333 476 1420 atque
504 1318 625 1391 salutis
653 1315 699 1390 ab
725 1342 768 1391 eo
794 1321 957 1392 semitam
985 1318 1135 1391 solerter
1164 1344 1231 1389 au-

166 1430 301 1507 diendo
323 1432 512 1521 edisceret,
534 1433 680 1532 quidam
698 1432 941 1508 nobilissimus
959 1432 1168 1506 ludaeorum
1186 1458 1231 1506 ex

166 1545 268 1620 trihu
289 1548 494 1647 Benjamin,
517 1549 665 1622 nomine
682 1548 884 1637 Marcellus,
900 1547 1040 1622 adeum
1056 1549 1177 1636 venit,
1195 1564 1232 1620 et

166 1686 319 1737 uxorem
334 1689 434 1736 suam
451 1662 652 1752 Elisabeth,
667 1663 888 1765 unicumque
900 1663 1016 1738 filium
1033 1662 1232 1736 Martialem

166 1804 217 1853 xv
231 1806 412 1854 annorum
423 1807 543 1856 secum
556 1781 670 1854 duxit.
683 1781 853 1855 Videntes
864 1798 984 1855 autem
997 1781 1141 1855 insolita
1151 1806 1234 1881 quae

167 1899 244 1998 ipse
263 1897 434 1989 faciebat,
455 1914 492 1973 et
508 1899 691 1974 audientes
715 1898 868 1973 salubria
891 1927 973 2000 quae
997 1896 1232 1999 praedicabat,

167 2014 376 2115 compuncti
395 2018 503 2091 corde
517 2019 555 2091 in
569 2045 651 2092 eum
664 2017 912 2107 crediderunt,
928 2020 1076 2120 ipsoque
1084 2002 1236 2118 jubente

167 2157 189 2202 a
209 2129 317 2206 beato
335 2134 443 2208 Petro
462 2136 626 2233 apostolo
646 2134 817 2235 baptizati
836 2151 934 2208 sunt.
954 2133 1132 2208 Omnibus
1149 2138 1236 2205 v'ero

168 2245 213 2318 ad
234 2248 381 2346 propria
405 2247 679 2348 repedantibus,
701 2249 873 2323 Martialis
892 2265 1010 2323 totum
1028 2275 1064 2322 se
1076 2247 1237 2323 Domino

167 2365 253 2439 Jesu
275 2366 559 2456 commendavit,
584 2384 621 2441 et
642 2369 716 2466 ejus
729 2367 954 2467 discipulatui
967 2368 1104 2467 jugiter
1122 2364 1238 2437 inhae-

169 2480 229 2552 sit.
250 2479 425 2580 Apostolo
447 2484 581 2583 quippe
597 2486 723 2573 Petro,
747 2484 810 2583 qui
833 2484 864 2557 ei
886 2484 1050 2584 proxima
1070 2481 1240 2554 affinitate

166 2593 408 2695 jungebatur,
439 2596 686 2671 indesinenter
713 2599 866 2672 sociatus
892 2599 1091 2673 Dominum
1118 2598 1240 2670 lesum

171 2710 401 2812 sequebatur.
418 2714 739 2790 Resuscitationem
752 2716 980 2816 quatriduani
994 2716 1114 2789 Lazari
1129 2714 1238 2802 vidit,

171 2829 368 2930 multisque
390 2830 467 2904 aliis
490 2832 672 2905 miraculis
698 2833 877 2906 interluit.
901 2833 1108 2907 Ministerio
1132 2857 1241 2904 sacrae

173 2971 310 3034 omnes,
334 2946 483 3046 aliisque
499 2950 660 3050 mysticis
682 2949 834 3022 servitiis
851 2975 934 3021 cum
952 2949 1110 3049 Cleopha
1127 2947 1241 3021 mini-

172 3063 321 3152 stravit,
342 3079 378 3138 et
402 3065 508 3138 certis
529 3064 815 3166 apparitionibus
838 3083 921 3166 post
940 3067 1242 3141 resurrectionem

174 3168 210 3253 ct
237 3179 405 3282 gloriosae
430 3185 625 3257 ascensioni
649 3210 731 3256 cum
754 3183 830 3257 aliis
855 3183 1037 3284 discipulis
1060 3183 1240 3257 interfuit.

173 3297 380 3373 Adventum
393 3327 536 3402 quoque
548 3302 704 3402 Spiritus
715 3302 876 3374 Paracliti
890 3302 1043 3376 feliciter
1052 3299 1241 3400 persensit,

174 3429 212 3489 et
234 3414 366 3488 divinis
390 3415 659 3492 charismatibus
682 3418 868 3493 affluenter
894 3417 1053 3490 imbutus
1076 3415 1243 3500 emicuit,

174 3546 285 3632 atque
300 3533 343 3605 ad
362 3535 675 3635 evangelizandum
686 3536 757 3610 fide
771 3551 808 3611 et
820 3537 933 3636 gratia
952 3537 1149 3608 instructus
1160 3534 1246 3606 viri·
1301 3565 1303 3570 ·

175 3648 261 3724 liter
278 3651 405 3751 viguit.
1000 3728 1005 3736 ,

224 3767 312 3840 Post
327 3766 584 3869 dispersionem
595 3774 844 3872 apostolorum
856 3771 1028 3846 Martialis
1043 3795 1126 3844 cum
1139 3767 1246 3842 beato

174 3887 287 3958 Petro
308 3888 473 3985 apostolo
495 3891 703 3991 propinquo
726 3918 791 3965 suo
813 3890 1043 3965 Antiochiam
1063 3886 1243 3987 perrexit,

175 4015 212 4073 et
241 4000 326 4073 inde
353 4020 436 4101 post
458 4030 512 4076 vn
536 4033 649 4081 annos
668 4009 817 4082 Romam
839 4007 957 4107 petiit.
983 4004 1038 4078 lbi
1059 4007 1186 4077 Petrus
1211 4018 1247 4075 et

175 4116 263 4191 socii
276 4119 559 4215 ejusaMarcello
570 4124 715 4199 consule
726 4125 763 4197 in
776 4123 973 4225 hospitium
982 4120 1134 4221 suscepti
1147 4133 1245 4206 sunt,

177 4249 213 4307 et
231 4233 268 4306 in
287 4233 398 4310 domo
412 4240 486 4336 ejus
503 4242 624 4314 multis
639 4241 764 4318 diebus
779 4242 1051 4330 habitaverunt,
1069 4256 1103 4314 ct
1119 4239 1251 4324 Roma-
