2894 4958
185 422 246 482 31⁸
459 419 645 485 HISTORIA
665 419 972 489 semetsemet.

185 535 560 614 metallumsimulacri
570 543 853 634 summoueret,
865 546 987 620 ststim
996 544 1138 622 idolum
1147 544 1257 651 lique·

185 655 323 731 fretum
336 670 391 732 ost
404 657 504 760 qussi
520 684 598 733 cern
611 661 713 760 juxta
728 661 847 764 ignem
861 664 978 762 posita
990 679 1028 738 et
1039 662 1255 741 resolutum.

187 774 321 850 Omnes
347 800 435 850 vero
460 776 660 852 sacerdotes
689 777 900 853 levaverunt
926 780 1124 883 mugitum.
1154 784 1259 859 'lune

187 891 353 992 pontifex
368 891 492 992 templi
506 893 711 993 apostolum
724 893 1027 971 trnnsserberavit
1036 882 1172 999 ¹gladio.
1184 900 1259 974 lter

189 1027 310 1089 antem
326 1009 422 1111 fugit
435 1036 521 1085 eum
536 1011 688 1087 Carisio.
706 1012 837 1116 Magna
854 1015 976 1118 itaque
994 1014 1091 1091 facts
1113 1032 1170 1092 est
1189 1016 1259 1091 dis·

190 1130 328 1219 sentio,
340 1129 426 1231 quis
441 1132 557 1229 major
569 1156 651 1231 pars
666 1131 794 1232 populi
811 1131 987 1207 elsmshst
997 1154 1069 1234 pro
1080 1134 1257 1235 apostolo,

191 1248 241 1320 its
258 1261 301 1320 ut
322 1270 511 1346 percussor
527 1249 601 1346 ejus
616 1261 861 1348 quereretur,
881 1264 1060 1352 quatenus
1077 1253 1184 1325 vivus
1205 1249 1260 1325 ina

192 1361 419 1438 conderetur.
451 1363 591 1462 Corpus
620 1388 708 1437 sero
735 1364 888 1465 apostoli
919 1391 1004 1439 enm
1031 1365 1201 1441 ls'udihus
1225 1382 1260 1440 et

193 1479 340 1580 hymnis
355 1479 395 1552 in
412 1478 597 1553 ecelesiam
608 1477 809 1555 honorilioe
822 1483 1112 1574 transtulerunt,
1131 1501 1169 1559 et
1184 1510 1259 1584 prs·

196 1595 295 1670 tiosis
315 1594 536 1669 aromatibus
553 1596 791 1686 condierunt3
817 1597 941 1700 ibique
961 1625 1092 1700 inagna
1114 1599 1213 1700 signa
1226 1614 1259 1673 st

193 1714 357 1817 prodigia
379 1714 472 1788 facta
494 1732 592 1789 sunt.
613 1715 706 1789 Nam
727 1713 941 1791 tlaemoniosi
957 1716 1209 1793 liberabantur
1228 1732 1260 1792 et

194 1859 320 1908 omnes
337 1832 569 1935 aegritudines
585 1832 833 1933 curabantur(
859 1835 888 1934 ).
1256 1880 1259 1891 «

243 1952 330 2026 Post
347 1951 500 2051 longum
517 1964 658 2049 tempus
670 1951 753 2051 Syri
767 1947 813 2022 ab
826 1950 1031 2031 Alexandro
1049 1953 1260 2052 imperatore

195 2094 370 2157 romano,
388 2069 453 2170 qui
476 2069 598 2142 vietor
614 2068 660 2141 de
681 2067 811 2168 prselio
831 2069 984 2144 Persidis
1005 2097 1025 2143 e
1048 2071 1168 2144 Xerse
1186 2094 1259 2171 rege

196 2186 340 2259 devicto
358 2182 545 2272 veniebat,
565 2183 805 2282 supplicantes
819 2183 1106 2282 impetraverunt
1126 2200 1170 2257 ut
1185 2184 1260 2257 mit·

197 2319 292 2378 teret
314 2299 359 2374 ad
381 2300 525 2400 regulos
542 2300 736 2389 ludorum,
760 2315 803 2372 ut
823 2298 963 2374 civibus
984 2301 1183 2376 redderent
1203 2299 1259 2374 de-

197 2419 380 2494 functum.
399 2418 540 2516 Corpus
560 2417 671 2516 igitur
687 2418 839 2516 apostoli
863 2416 909 2492 de
932 2416 1033 2491 ludia
1056 2419 1260 2493 translatum

198 2546 272 2625 est,
289 2550 326 2610 et
344 2535 382 2608 in
394 2535 521 2610 Edessa
534 2535 678 2609 civitate
695 2535 734 2609 in
748 2535 879 2611 locello
894 2554 1066 2636 argenteo
1078 2562 1125 2612 ex
1138 2536 1261 2612 ottenis

198 2652 375 2754 argenteis
395 2651 576 2752 pendente
593 2652 753 2752 positum
777 2669 844 2727 est.
864 2651 918 2726 lbi
941 2654 1064 2728 nullus
1087 2655 1260 2731 idolorum

199 2772 340 2861 cultor,
370 2770 490 2844 nullus
519 2769 709 2846 haereticus
738 2785 856 2870 potest
881 2773 1024 2865 vivere,
1053 2773 1179 2846 nullus
1204 2773 1261 2846 Ju-

197 2890 327 2988 saeus(
352 2891 380 2983 ).

234 3229 273 3300 (ι)
291 3228 344 3284 Ces
360 3237 433 3283 actes
449 3225 484 3281 de
497 3227 571 3281 saint
586 3226 711 3282 Thomas
722 3227 801 3283 n'ont
816 3228 897 3302 point
912 3230 957 3283 ete
973 3231 1139 3301 empruntes
1155 3227 1265 3284 directe·

200 3328 279 3371 ment
291 3336 327 3371 au
341 3316 406 3370 saux
417 3312 538 3384 abdias,
554 3316 623 3369 mais
635 3318 650 3368 a
662 3315 783 3390 quelque
797 3327 876 3371 autre
891 3316 1051 3391 le'gendaire
1065 3316 1266 3373 interme'disirs

200 3411 248 3483 qui
266 3427 301 3462 en
319 3409 391 3463 avait
404 3406 517 3462 modifie
530 3406 668 3480 plusieurs
685 3407 787 3480 parties
805 3418 834 3462 et
850 3408 970 3482 trosque
987 3406 1014 3462 ls
1029 3406 1077 3461 fin.
1096 3406 1177 3464 Nous
1195 3421 1268 3463 avons

201 3513 251 3553 cin
261 3497 360 3553 inutile
370 3497 405 3552 de
414 3495 519 3552 relever
528 3512 564 3551 sn
572 3495 657 3551 detail
667 3512 712 3551 ces
721 3494 856 3551 variantes
866 3506 947 3552 entre
956 3495 1029 3552 deur
1042 3497 1130 3551 rteits
1141 3494 1216 3551 snssl
1223 3512 1269 3595 ψ

201 3589 300 3662 dignes
309 3589 475 3644 d’attention
488 3587 546 3642 l'un
559 3602 615 3661 qus
625 3587 733 3642 l'sutre.
747 3588 784 3642 La
794 3587 928 3643 tradition
939 3587 974 3644 de
984 3576 1112 3661 l’Eglise,
1123 3588 1270 3663 al’epoqnt

199 3678 368 3753 d'Origlne,
381 3679 449 3733 etait
464 3696 520 3753 que
533 3678 605 3732 saint
617 3677 741 3731 Thomas
750 3678 822 3731 avait
834 3681 915 3751 porte
925 3677 950 3733 la
960 3678 997 3733 soi
1013 3677 1080 3732 cher
1092 3674 1134 3733 les
1145 3677 1269 3743 Partha,

199 3777 228 3821 et
240 3766 379 3839 peut-titre
393 3765 461 3820 dans
473 3764 499 3819 la
518 3765 607 3838 partie
624 3763 659 3819 de
677 3763 766 3819 l’lnde
780 3767 828 3839 qui
842 3785 877 3821 en
890 3777 932 3821 est
948 3764 1061 3820 voisine.
1078 3762 1129 3821 On
1146 3762 1215 3821 n'en
1227 3764 1271 3819 ssit

200 3872 300 3909 encore
319 3855 379 3909 riou
397 3865 475 3908 autre
490 3853 587 3923 chose,
607 3852 713 3925 malgre
727 3852 752 3906 la
770 3855 930 3926 pretention
947 3853 994 3908 des
1011 3854 1164 3927 Portugais
1176 3853 1271 3908 d’aroir

201 3945 328 3997 retrouve'
342 3941 390 3996 des
407 3953 495 3996 traces
513 3952 543 3995 et
560 3940 609 3997 des
627 3952 805 3996 monuments
824 3940 859 3995 de
877 3960 927 3996 son
945 3941 1036 4014 sejour
1053 3960 1102 3995 sur
1120 3940 1147 3995 la
1164 3942 1227 3997 onte
1243 3939 1271 3994 de

202 4031 499 4191 Ἵπᾝίῗὲιευωυν
520 4130 586 4174 veut
607 4120 698 4192 parler
717 4119 754 4175 de
774 4119 953 4193 l‘expedition
973 4117 1161 4175 d’hlexmtlre
1181 4119 1271 4175 seven

204 4220 299 4264 contre
313 4208 351 4263 les
363 4209 480 4263 Parthes
490 4219 519 4263 et
527 4208 588 4264 leui·
599 4210 641 4264 roi
656 4211 833 4279 Artaxerxes,
849 4209 997 4266 fondstenr
1006 4208 1042 4264 de
1054 4207 1080 4263 la
1092 4208 1222 4281 dynastis
1231 4206 1270 4263 ds
