2894 4958
518 398 634 461 trusa
655 398 862 461 suesanus.
1168 378 1228 459 sss

166 524 287 596 litibus
303 521 505 621 praesidere.
526 522 689 619 Cumque
707 519 809 592 illum
835 520 1073 617 interrogaret
1097 543 1165 589 cur
1189 518 1226 588 in

166 664 316 739 regnum
343 639 587 709 Romanorum
616 635 768 707 latenter
797 636 998 721 introisset,
1025 632 1229 732 militesque

166 783 247 831 suos
269 754 337 828 sibi
355 752 597 837 subtraheret,
619 753 745 851 suique
764 752 854 850 regis
871 750 1088 849 principatui
1107 747 1233 847 subju·
1312 788 1321 798 =

166 890 286 976 garet,
306 873 446 959 Paulus,
463 872 601 971 Spiritu
619 856 752 943 Sancto
770 869 948 968 repletus,
962 868 1134 940 virtutem
1146 891 1229 940 om-

166 991 367 1090 nipotentis
383 991 447 1062 Dei
465 1013 585 1063 coram
603 985 772 1062 omnibus
785 987 846 1086 qui
864 983 1013 1058 aderaut
1025 998 1234 1059 constanter

167 1104 430 1208 promulgavit,
456 1121 493 1179 et
517 1130 642 1178 omnes
669 1104 713 1176 ad
740 1103 941 1202 largitatem
966 1128 1092 1175 manus
1119 1101 1231 1188 illius,

166 1224 231 1325 qui
248 1220 442 1295 secundum
462 1225 635 1320 cujusque
651 1220 823 1291 meritum
844 1217 938 1291 dona
961 1217 1134 1290 ditissima
1163 1216 1237 1289 dis-

168 1364 318 1438 pensare
350 1352 491 1435 potest,
526 1335 704 1408 invitavit.
736 1335 857 1434 ipsum
886 1359 1034 1433 quoque
1061 1334 1237 1406 Caesarem

168 1480 313 1529 summo
331 1456 406 1553 regi
430 1453 585 1527 fideliter
608 1450 754 1525 obedire
780 1451 1019 1524 commonuit.
1048 1448 1240 1524 Nihilomi-

169 1599 242 1647 nus
268 1574 376 1646 etiam
400 1573 549 1645 asseruit
576 1595 696 1670 regem
724 1596 830 1641 suum
857 1583 1052 1642 venturum
1077 1571 1178 1642 vivos
1202 1582 1240 1641 et

169 1707 339 1765 mortuos
349 1689 511 1788 judicare
521 1744 532 1778 ,
552 1704 589 1762 et
604 1687 755 1789 figuram
773 1685 877 1784 hujus
894 1685 1020 1758 mundi
1039 1714 1105 1785 per
1121 1687 1239 1787 ignem

172 1805 367 1881 devastare.
387 1807 451 1877 llis
468 1805 616 1893 auditis,
633 1804 732 1878 Nero
752 1804 871 1875 Caesar
891 1804 942 1874 ira
960 1828 1148 1875 succensus
1165 1817 1238 1889 est,
1256 1872 1262 1881 ,

172 1938 212 1997 et
226 1948 354 1997 omnes
370 1921 503 1995 Christi
528 1923 659 1995 milites
680 1923 761 2020 igne
779 1921 928 1994 cremari
950 1922 1135 2021 praecepit.
1153 1921 1243 1992 Pau-

173 2036 252 2110 lum
266 2052 384 2111 autem
399 2037 566 2111 consultu
577 2053 732 2122 senatus,
743 2054 913 2136 tanquam
923 2036 1113 2133 majestatis
1122 2060 1240 2123 reum,
1365 2027 1370 2036 ’

174 2153 372 2227 secundum
390 2179 555 2227 romanas
577 2153 672 2253 leges
694 2155 810 2251 capite
833 2153 993 2225 truncari
1007 2153 1126 2251 jussit.
1147 2154 1243 2226 Lon-

174 2271 264 2369 gino
283 2285 319 2343 et
334 2272 486 2369 Megisto
505 2270 686 2369 praefectis
702 2286 810 2371 atque
826 2271 932 2344 Cesto
947 2271 1002 2368 (ι)
1017 2270 1241 2358 centurioni,

176 2385 221 2458 ad
238 2385 530 2459 interficiendum
547 2402 647 2460 extra
663 2387 792 2460 urbem
807 2385 973 2476 tradidit;
990 2386 1123 2486 quibus
1138 2389 1176 2459 iu
1189 2389 1246 2459 via

177 2503 310 2576 Paulus
326 2504 403 2575 sine
422 2505 687 2577 intermissione
703 2501 856 2576 verbum
877 2503 1000 2576 salutis
1021 2503 1243 2602 praedicavit.

178 2621 339 2694 Ministri
358 2622 465 2693 etiam
481 2636 517 2693 et
533 2623 754 2720 apparitores
767 2647 786 2692 a
800 2621 947 2715 Nerone
963 2646 1046 2692 cum
1060 2622 1248 2696 velocitate

178 2737 307 2811 directi
334 2753 440 2826 sunt,
468 2753 505 2810 et
529 2738 711 2811 latitantes
736 2737 958 2811 Christianos
988 2738 1179 2838 diligenter
1204 2741 1247 2815 ad

179 2855 398 2929 occisionem
411 2856 624 2952 perscrutati
635 2869 732 2926 sunt.
745 2853 850 2927 Unde
859 2871 933 2926 tam
942 2853 1131 2955 multiplex
1142 2855 1249 2929 turba

181 2972 471 3046 Christianorum
486 2998 574 3043 caesa
588 2987 660 3059 est,
677 2987 718 3043 ut
729 2970 886 3071 populus
895 2996 1067 3045 romanus
1077 2973 1249 3072 palatium

181 3091 319 3164 virtute
335 3090 572 3186 irrumperet,
591 3104 630 3162 et
646 3090 682 3160 in
702 3090 819 3187 ipsum
836 3090 1010 3162 Caesarem
1026 3091 1180 3165 excitare
1196 3119 1250 3166 se-

181 3206 361 3280 ditionem
377 3220 562 3305 satageret.
583 3208 689 3278 Tunc
706 3204 804 3280 Nero
822 3206 995 3280 clamores
1010 3209 1134 3308 populi
1149 3235 1253 3311 expa-

181 3325 258 3411 vit,
282 3338 318 3395 et
339 3320 436 3394 aliud
460 3319 618 3395 edictum
640 3324 854 3422 proposuit,
872 3351 947 3426 quo
964 3324 1187 3401 Christianos
1212 3328 1249 3401 in

184 3464 272 3538 pace
297 3438 417 3510 rivere
439 3439 625 3537 praecepit.
657 3438 885 3540 Quapropter
901 3440 1031 3514 Paulus
1049 3443 1183 3516 iterum
1199 3460 1253 3518 est

185 3557 262 3652 ejus
275 3550 418 3628 oblatus
433 3551 700 3652 conspectibus.
720 3554 818 3628 Nero
834 3570 966 3644 autem,
984 3571 1025 3628 ut
1043 3583 1126 3631 eum
1139 3558 1250 3648 vidit,

187 3670 496 3745 vehementissime
516 3671 725 3743 exclamavit
754 3701 762 3742 :
793 3670 923 3744 Tollite
945 3699 1112 3773 mogum,
1141 3675 1255 3749 tollite

188 3785 412 3879 molesmum,-
420 3785 602 3858 decollate
610 3788 853 3890 impostorem,
862 3784 1256 3891 arrfaertedesupeficie

188 3921 293 3977 terrm
310 3905 482 3977 utentium
499 3906 777 3978 immutatorem.
797 3905 926 3978 Paulus
942 3932 1029 3980 vero
1048 3922 1256 3984 constanter

190 4020 358 4119 promisit
370 4047 405 4094 se
418 4038 500 4120 post
511 4038 668 4096 mortem
681 4024 899 4098 aeternaliter
909 4025 1108 4115 victurum,
1124 4042 1161 4101 et
1174 4053 1255 4101 cum

226 4267 266 4336 (r)
284 4267 359 4322 Lisez
376 4291 381 4320 :
398 4268 509 4326 Acesta.
