2894 4958
545 119 664 184 LIBER
681 121 894 186 SECUNDUS.
1165 156 1168 165 =
1194 129 1255 192 227

184 239 334 319 nmini
354 237 513 332 audivit,
530 226 671 315 relictis
687 239 859 316 omnibus
880 242 999 340 ipsum
1020 242 1121 345 sequi
1143 271 1256 348 usque

186 358 231 434 ad
257 372 414 434 mortem
440 357 626 458 expeditus
651 357 810 447 studuit,
840 359 884 431 ad
908 357 1103 434 ineffabilis
1129 365 1258 465 cogni-

187 477 328 552 tionem
343 473 485 549 deitatis
498 473 721 548 conscendit.
741 474 791 546 Et
804 475 889 575 quia
904 473 1049 548 coelitus
1066 476 1258 578 inspiratus

187 621 296 695 supra
314 591 513 667 humanum
530 591 754 666 intellectum
773 591 1074 668 divinae-theoriae
1091 593 1260 670 ardenter

187 712 361 801 inhiavit,
392 725 429 785 et
456 709 647 784 altisonam
675 735 802 784 vocem
827 709 995 810 gloriosae
1023 712 1260 787 confessionis

188 829 346 905 fideliter
357 827 600 928 deprompsit,
615 827 737 902 diceus
751 854 760 897 ε
776 828 834 900 Τιι
847 854 885 901 es
900 828 1066 902 Christus
1068 828 1177 930 filius
1189 833 1264 905 Dei

188 951 287 1039 υἱοί,
320 948 400 1047 ipso
432 944 764 1046 incomparabiliter
792 963 1089 1047 recompensante
1118 949 1263 1026 Christo

188 1066 327 1141 meruit
344 1062 536 1153 honorari,
560 1079 596 1138 et
612 1063 782 1137 Ecclesiae
799 1080 906 1164 caput
924 1089 964 1136 ac
982 1063 1264 1141 fundamentum

190 1182 369 1257 ordinari.
386 1182 519 1281 Largus
531 1181 630 1255 enim
642 1180 844 1256 retributor
855 1181 918 1281 qui
930 1181 1098 1254 notitiam
1110 1184 1163 1255 sui
1177 1182 1265 1257 divi-

190 1302 293 1376 nitus
307 1299 562 1399 inspiraverat,
577 1299 659 1398 puri
675 1298 793 1374 cordis
805 1297 915 1372 fidem
927 1300 1181 1401 prolatamper
1191 1304 1266 1377 oris

191 1415 457 1494 confessionem
475 1414 668 1514 principali
685 1415 899 1489 auctoritato
915 1432 1123 1489 remunerat
1143 1447 1152 1489 :
1171 1419 1268 1492 Beu-

194 1550 252 1607 tus
274 1559 312 1606 es
321 1587 336 1621 ‚
357 1531 503 1631 inquit,
527 1530 656 1604 Simon
677 1533 867 1631 Barjoua,
895 1533 986 1630 quia
1010 1557 1097 1605 cam
1121 1549 1155 1604 et
1175 1561 1268 1606 sun-

191 1650 281 1751 guis
302 1674 376 1721 non
394 1645 561 1720 &velavit
582 1646 667 1736 sibi,
696 1647 764 1720 sed
786 1649 899 1720 Pater
917 1673 1037 1737 meus,
1064 1649 1131 1747 qui
1152 1665 1205 1721 est
1229 1651 1269 1721 in

194 1764 329 1865 coelis(
354 1765 385 1863 )

244 1883 340 1960 Vere
362 1880 488 1956 beatus
504 1897 558 1957 est
578 1883 703 1956 Simon
715 1935 726 1971 ,
752 1882 788 1955 id
805 1898 859 1957 est
874 1882 1065 1973 obediens,
1090 1885 1154 1985 qui
1175 1887 1269 1959 Bar·-
1342 1970 1346 1974 ,

192 2001 295 2100 jona,
312 1998 348 2073 id
360 2014 414 2073 est
414 1997 523 2099 filius
536 1998 728 2089 columbae,
748 1999 895 2088 dicitur,
911 2027 982 2102 qua
995 2000 1152 2100 Spiritus
1164 2002 1270 2074 Sano-

199 2132 257 2190 tus
269 2114 491 2216 designatur.
507 2116 580 2188 Vir
589 2114 777 2205 obediens,
789 2132 831 2189 ut
842 2118 894 2190 ait
905 2117 1097 2207 Salomon,
1113 2119 1274 2219 loquitur

198 2235 378 2308 victorius
390 2233 459 2332 (a).
479 2233 549 2326 Qui
568 2233 657 2306 dum
671 2234 847 2333 jussiones
864 2234 1082 2308 incessanter
1103 2234 1270 2310 observat

200 2351 356 2442 divinas,
385 2352 424 2425 in
452 2350 673 2452 quotidianis
703 2350 933 2426 coullictibus
957 2380 1024 2452 per
1054 2355 1270 2430 tentationes

200 2471 436 2573 impugnatur
451 2472 587 2561 varias3
610 2471 759 2572 ipsoque
776 2470 814 2543 in
836 2470 1014 2544 mandatis
1030 2473 1095 2544 Dei
1108 2498 1270 2571 perseve-

200 2602 325 2678 rante,
343 2602 534 2688 superatur
550 2586 708 2661 Satanas.
729 2587 826 2680 Quid
843 2589 941 2661 enim
957 2587 1055 2659 aliud
1071 2586 1192 2661 divina
1214 2588 1272 2661 lex

202 2704 355 2805 imperat
372 2705 427 2779 vel
451 2703 577 2793 docet,
603 2704 670 2777 nisi
696 2719 738 2776 ut
760 2704 878 2778 omnis
902 2702 1014 2777 homo
1038 2705 1189 2778 creatori
1206 2732 1272 2779 suo

202 2824 354 2912 militet,
376 2849 460 2896 cum
480 2822 632 2924 antiquo
646 2838 812 2922 serpente
828 2823 889 2922 qui
907 2820 1014 2895 nobis
1028 2849 1168 2923 scmpcr
1186 2823 1275 2895 insi-

202 2939 337 3028 diatur,
351 2938 520 3029 dimicet,
543 2956 580 3012 et
598 2937 764 3012 bravium
783 2956 948 3038 supe'rnae
965 2939 1164 3012 vocationis
1177 2937 1274 3012 obti-

205 3083 291 3131 uere
309 3054 475 3130 insudet?
496 3057 601 3128 Tunc
622 3055 729 3128 fortis
745 3056 812 3129 Dei
831 3055 992 3156 agonista
1013 3052 1140 3153 procul
1161 3051 1273 3129 dubio
1307 3126 1311 3132 .

205 3169 370 3275 loquitur
382 3170 565 3258 victorias,
579 3171 686 3261 dum,
701 3188 883 3272 prostrato
900 3172 1062 3263 inimico,
1076 3172 1274 3271 protectori

207 3315 269 3366 suo
286 3287 445 3365 celebrat
457 3289 534 3364 Deo
546 3290 694 3389 gratias,
709 3289 830 3364 dicens
848 3316 928 3362 cum
947 3287 1122 3388 propheta
1140 3319 1150 3362 a
1166 3290 1277 3361 Proe-

209 3409 358 3480 cinxisti
375 3433 432 3479 use
449 3408 649 3479 virtutensi
665 3406 816 3494 bellum,
839 3423 873 3478 et
894 3406 1143 3508 supplantasti
1159 3408 1278 3479 insur-
1309 3434 1312 3439 ·

211 3539 331 3621 gentes
348 3523 387 3594 in
406 3548 464 3594 me
478 3521 604 3594 subtus
619 3523 763 3621 mc(3);
786 3538 821 3595 et
840 3521 905 3594 aliu
927 3520 1040 3594 multa
1059 3520 1115 3594 his
1133 3522 1275 3594 similia.

214 3638 325 3713 Nemo
337 3652 458 3746 potest
473 3639 605 3711 sanctis
618 3637 788 3738 operibus
801 3638 984 3712 laetificare
997 3638 1111 3711 Deum
1124 3653 1277 3738 patrem,

249 3893 286 3962 (r)
303 3892 404 3948 llatth.
417 3911 477 3959 rvr,
495 3892 586 3968 16-17.
597 3895 681 3964 -(a)
694 3894 774 3949 Prot.
784 3911 841 3962 xxs,
854 3894 898 3950 28.
910 3892 993 3964 -(5)
1005 3892 1106 3948 Psalm.
1121 3874 1262 3959 sustando.
