2894 4958
263 334 306 394 ss
540 292 726 403 arsroms
746 326 1049 396 sccsaslssrlcs.

264 450 359 523 ravit
381 474 528 524 omnem
540 451 762 551 iaugnorem
780 464 821 527 et
842 450 1109 545 infirmitatem
1130 469 1172 527 ut
1194 454 1327 555 quibus

264 592 340 642 uon
356 582 510 643 suaserat
525 593 666 660 sermo,
681 569 908 669 permaderet
924 570 1042 670 operis
1058 571 1277 673 magnitudo.

242 760 244 764 ,
311 685 445 761 Videus
470 685 592 760 turbas
607 689 726 776 Jesus,
754 687 920 769 misertus
938 703 992 762 est
1014 689 1084 785 eis,
1109 691 1194 791 quia
1209 695 1326 766 vexati

264 819 368 878 eraut
390 818 426 882 et
444 807 622 904 jacentes,
641 805 733 879 sieut
750 829 833 880 oros
851 821 1035 905 pastorem
1046 833 1123 882 nou
1142 806 1325 884 habentes.

264 922 463 997 Duodecim
485 924 605 1024 itaque
625 923 854 1012 convocavit,
878 939 916 998 et
932 941 1145 1024 potestatem
1169 925 1240 1000 illis
1261 926 1329 1002 de-

263 1038 318 1114 dit
340 1054 381 1112 ut
406 1038 611 1113 immundos
633 1040 779 1139 spiritus
800 1041 969 1140 ejicerent
995 1058 1032 1118 et
1056 1069 1203 1119 omnem
1226 1044 1328 1119 iufir-

262 1158 426 1231 mitatem
439 1172 617 1232 curarent.
634 1158 793 1246 Euares,
809 1158 941 1259 inquit,
958 1160 1183 1262 praedicate,
1196 1161 1328 1234 dieen-

266 1293 316 1350 tes
339 1277 430 1375 quia
455 1275 767 1378 appropinquabit
785 1260 936 1377 regnum
953 1278 1139 1352 caelorum.
1158 1278 1329 1381 Infirmos

264 1392 408 1481 curuis,
435 1406 594 1464 nwrtuos
618 1392 809 1483 suscitate,
839 1390 1000 1494 leprosos
1023 1393 1214 1485 meraciore,
1243 1392 1329 1467 dce-

265 1531 388 1581 mones
403 1507 537 1608 ejicite.
571 1506 698 1580 Gratis
715 1509 926 1609 accepistis,
943 1511 1062 1608 gratis
1078 1508 1176 1582 date.
1204 1507 1330 1583 Nolite

257 1624 450 1729 possidere
466 1652 597 1698 aurum
605 1681 618 1714 ,
641 1651 756 1726 neque
774 1628 965 1727 argenium
971 1680 985 1715 ‚
1004 1653 1120 1728 neque
1129 1629 1328 1728 pecuniam

265 1742 304 1812 in
317 1742 419 1814 zonis
433 1742 563 1815 uestris
569 1774 586 1828 ‚·
602 1766 676 1816 non
683 1766 817 1842 perum
832 1744 870 1814 in
883 1744 966 1834 uia,
986 1768 1102 1843 neque
1118 1743 1214 1816 siuas
1230 1745 1329 1816 raai-

264 1885 342 1950 cas,
357 1884 473 1960 neque
483 1858 746 1949 calceamenta,
757 1885 873 1960 neque
881 1861 1105 1961 uirgam(1).
1115 1860 1230 1933 Multa
1240 1885 1330 1961 quo-

263 1999 335 2075 que
344 1976 411 2049 alia
421 1976 577 2050 coelestis
587 1977 755 2079 magister
764 1975 994 2051 saluberrima
1004 1976 1157 2077 protulit
1169 1977 1326 2066 monita,

263 2116 346 2193 quae
374 2118 514 2168 veraoes
547 2096 622 2192 ejus
658 2095 854 2196 symmistoe
866 2149 878 2187 ‚
908 2095 1098 2169 Matthaeus
1125 2109 1161 2170 et
1191 2096 1304 2168 Lucas
1316 2148 1328 2185 ,

262 2211 405 2309 seriptis
423 2211 609 2284 memorioe
627 2213 983 2288 commendaverunt.

315 2325 394 2400 ibat
402 2327 502 2402 Jesus
515 2329 553 2401 in
565 2329 746 2404 civitatem
755 2330 933 2419 Galilaeae,
948 2354 1031 2430 quae
1042 2341 1192 2403 vocatur
1204 2327 1327 2416 Naim,

264 2439 349 2542 qu'oe
363 2441 404 2514 iu
418 2440 576 2516 secundo
595 2443 752 2519 miliario
768 2443 916 2520 Thabor
932 2442 1068 2517 montis
1082 2458 1208 2518 contra
1225 2442 1331 2516 meri·

263 2557 359 2633 diem
372 2562 475 2660 juxta
488 2559 613 2635 Endor
626 2561 692 2634 sita
709 2577 775 2635 est.
790 2565 886 2635 Dum
896 2575 1015 2661 portae
1028 2557 1128 2633 urbis
1139 2559 1331 2659 appropin-

263 2691 392 2777 quaret
408 2703 492 2750 eum
512 2678 659 2777 copioso
678 2680 838 2779 agmine,
855 2677 955 2780 quod
972 2674 1211 2750 comitabatur
1218 2701 1230 2764 3
1250 2698 1331 2747 ecce
1379 2664 1384 2672 ’

137 2893 139 2896 y
261 2791 863 2895 defunctusjuveuisuuicusviduae
873 2790 1330 2885 filiusefferebatur.Quam

264 2936 348 2984 cum
358 2912 534 2985 Dominus
547 2912 695 2986 flentem
707 2911 870 2997 vidisset,
883 2907 1124 2983 misericordia
1139 2919 1257 2979 motus
1270 2931 1330 2978 su-

263 3037 329 3127 per
341 3027 438 3100 illam
447 3081 459 3119 ‚
477 3028 570 3101 dixit
586 3060 594 3100 :
611 3028 704 3104 Noli
706 3028 817 3127 flers.
833 3026 964 3126 Bajulis
975 3020 1152 3098 stantibus
1163 3023 1327 3115 accessit,

264 3142 426 3215 loculum
437 3144 554 3243 tetigit
563 3159 601 3218 et
611 3144 764 3217 exanimi
774 3142 867 3215 dixit
879 3171 888 3214 s
900 3140 1137 3228 Adolescens,
1151 3137 1238 3211 dieo
1248 3137 1328 3229 cibi,

263 3282 385 3357 surge.
408 3258 510 3333 lllieo
525 3259 675 3346 revixit,
694 3254 826 3332 resedit
845 3272 881 3330 et
900 3256 1000 3356 loqui
1023 3255 1155 3354 coepit;
1174 3250 1329 3352 vitaeque

264 3386 451 3471 reparator
471 3374 574 3446 illum
589 3375 697 3448 matri
720 3398 848 3446 sanum
868 3371 1038 3447 restituit.
1059 3371 1188 3443 Timor
1202 3391 1329 3441 omnes

263 3489 395 3561 invasit
411 3489 584 3565 videntes.
604 3490 735 3564 Divino
752 3504 846 3563 nutu
869 3488 980 3562 multa
998 3488 1196 3562 Dominum
1219 3483 1327 3558 turba

264 3604 496 3706 sequebatur,
516 3607 630 3681 multa
644 3607 788 3682 viduam
803 3603 1060 3694 uomitabstur3
1076 3619 1119 3676 ut
1129 3604 1207 3676 viso
1224 3617 1328 3676 tanto

263 3725 453 3813 miraculo,
465 3725 570 3798 multi
586 3722 1029 3815 testes,multifierentDei
1041 3718 1269 3817 laudatores(
1294 3718 1324 3818 ).

311 3842 444 3916 Joauui
471 3843 729 3916 renuntiantur
751 3843 789 3915 iu
810 3839 961 3916 Herodis
991 3863 1132 3912 carcere
1157 3835 1328 3911 miracula

301 4108 339 4175 (1)
358 4106 457 4161 Matth.
470 4124 512 4174 rx,
527 4103 608 4175 35-1,
627 4125 673 4172 1⁰3
687 4105 771 4159 Marc.
785 4123 830 4175 rr,
842 4103 900 4178 6·9.
916 4135 945 4145 -
957 4105 995 4175 (α)
1007 4104 1071 4158 Luc.
1084 4120 1143 4171 vn,
1158 4116 1250 4176 ¹¹⁶¹7·
