2894 4958
535 398 651 460 LIBER
672 394 880 459 SECUNDUS.
1178 392 1237 458 385

183 539 256 597 tate
278 519 491 621 permansit,
510 516 755 592 et'Theodora
779 533 861 616 post
881 517 999 587 missas
1016 530 1139 589 sancto
1154 516 1239 590 Gle-

184 639 299 711 mcnti
319 662 421 735 papae
443 633 608 708 ordinem
627 634 679 707 rei
702 634 808 732 gestae
832 631 1036 704 insinuavit.
1057 635 1135 731 lpse
1152 658 1238 707 vero
1263 651 1268 674 ¹

185 753 381 854 populum,
401 767 441 823 ut
454 751 577 824 'Deum
592 764 755 836 orarent,
781 748 980 822 admonuit.
1004 746 1140 822 Deinde
1157 757 1240 822 cum

185 870 337 943 muliere
357 868 402 941 ad
421 884 597 969 aegrotum
613 868 790 966 perrexit,
814 860 853 938 et
866 866 1070 941 orationem
1091 863 1241 955 faciens,

186 985 304 1058 visum
321 999 357 1057 ct
373 982 533 1056 auditum
546 982 578 1055 ei
592 982 712 1053 statim
724 982 892 1054 restituit.
912 981 975 1053 llle
987 996 1108 1053 autem
1119 1007 1244 1081 recep-

188 1102 235 1175 tis
250 1099 411 1174 sensibus
431 1099 592 1198 corporis
605 1123 726 1171 amens
740 1097 855 1170 sactus
873 1112 943 1185 est,
964 1113 1000 1170 ct
1023 1097 1245 1172 Clementem

188 1219 414 1318 episcopum,
433 1215 602 1316 quemad
623 1218 811 1314 conjugem
832 1239 933 1286 suam
956 1215 1153 1314 ingressum
1174 1241 1247 1289 esse

188 1333 356 1437 putabat,
386 1333 499 1407 teneri
529 1347 568 1405 et
596 1330 688 1404 trabi
716 1332 899 1430 praecepit.
930 1331 1030 1403 Servi
1059 1355 1146 1404 vero
1174 1335 1247 1429 ejus

189 1477 308 1525 saxeas
319 1451 503 1524 columnas
513 1447 691 1550 ligabant,
706 1462 743 1520 ct
756 1473 853 1521 nunc
865 1446 1006 1520 deintus
1020 1448 1135 1535 foras,
1150 1475 1250 1522 nunc

190 1567 325 1643 deforis
352 1569 450 1641 intus
474 1562 676 1640 trabebant.
705 1567 862 1640 Sisinnio
888 1566 1006 1666 itaque
1034 1591 1117 1638 cum
1141 1569 1250 1640 servis

191 1688 265 1759 suis
291 1685 505 1773 insaniente,
531 1683 695 1757 Clemens
721 1682 884 1770 recessit,
910 1696 946 1755 ct
968 1680 1158 1756 Theodora
1182 1713 1250 1784 pro
1311 1677 1314 1686 ’

192 1803 326 1877 marito
342 1827 407 1876 suo
423 1818 499 1876 tota
514 1801 572 1874 die
589 1827 673 1873 cum
691 1801 859 1901 lacrymis
879 1801 1008 1872 oravit.
1028 1800 1190 1874 Tandem
1208 1803 1252 1875 ad
1303 1855 1305 1859 ψ

185 1946 382 2019 .vespernm
396 1925 520 1992 Petrus
541 1919 721 2018 apostolus
738 1919 769 1990 ei
787 1919 971 2016 apparuit,
991 1931 1027 1990 et
1044 1917 1253 1992 confortans

193 2035 246 2107 ait
270 2062 279 2104 ε
302 2037 380 2107 Per
402 2051 436 2106 te
455 2032 576 2108 sulcus
599 2037 665 2106 erit
686 2033 885 2122 Sisinnius,
911 2049 950 2104 ut
974 2033 1168 2133 impleatur
1187 2034 1256 2109 boc

194 2149 298 2250 quod
312 2150 409 2223 davit
415 2151 540 2246 frater
558 2175 658 2223 meus
674 2149 816 2223 Paulus
835 2148 1022 2250 apostolus
1046 2179 1056 2222 .·
1080 2148 1256 2252 Sanctifi-

195 2265 343 2340 cabitur
353 2268 413 2338 uir
428 2264 586 2359 irfidelis
598 2292 670 2366 per
670 2265 825 2366 fidelem
841 2265 1024 2338 mulierem
1040 2266 1109 2363 (ι).
1128 2267 1257 2341 Statim

147 2390 154 2406 ’
195 2382 394 2472 sisinnius,
412 2395 557 2482 recepto
570 2389 777 2481 sensu,'per
788 2379 1016 2456 Theodoram
1034 2382 1258 2459 Clementem

196 2497 375 2584 accersiit,
394 2512 432 2569 et
450 2495 641 2569 amentiam
663 2516 763 2569 suam
788 2494 988 2583 confessus,
1017 2498 1260 2596 omnipotenti

197 2617 275 2689 Deo
290 2612 462 2703 credidit;
490 2629 527 2686 et
550 2611 805 2687 corroboratus
830 2614 999 2711 proximo
1020 2613 1150 2687 Pascha
1177 2641 1262 2687 cum

198 2754 358 2802 cccxxnr
368 2729 561 2829 promiscui
573 2754 674 2802 sexus
682 2724 901 2827 baptismum
911 2731 1139 2828 suscepit(s).
1151 2730 1260 2804 Multi

198 2845 339 2919 nobiles
356 2858 393 2919 et
415 2844 569 2918 illustres
590 2845 749 2918 Domino
773 2871 838 2943 per
854 2870 938 2918 eum
958 2843 1207 2936 crediderunt,
1226 2862 1263 2921 et

199 2987 321 3035 veram
336 2958 443 3035 fidem
459 2961 689 3060 suscipientes
700 2958 868 3059 baptizati
884 2974 982 3032 sunt.

245 3077 395 3152 Publius
419 3078 656 3177 Torqueanus
681 3101 866 3148 sacrorum
890 3102 1009 3151 comes
1033 3077 1260 3151 multitudini

199 3187 487 3264 Christianorum
507 3190 655 3279 invidit,
677 3189 830 3290 dataque
845 3194 995 3291 pecunia
1018 3194 1179 3291 patronis
1201 3221 1263 3268 re·

199 3306 351 3404 gionum
361 3309 501 3381 nomini
516 3306 712 3380 christiano
722 3308 932 3402 seditionem
944 3309 1123 3381 excitavit.
1139 3309 1263 3382 Admi-

203 3424 379 3496 nistrante
392 3423 610 3499 Mamertino
625 3424 879 3524 praefecturam
893 3425 1019 3525 populi
1033 3429 1192 3512 romani,
1207 3451 1262 3498 se-
1346 3503 1349 3507 ,

202 3538 295 3612 ditio
311 3538 402 3612 sacta
419 3555 491 3629 est;
511 3555 547 3614 et
562 3533 692 3614 Publio
705 3544 922 3643 Torqueano
933 3537 1083 3642 jubente
1099 3543 1261 3617 Clemens

203 3657 341 3729 secreto
362 3655 406 3728 ad
423 3681 506 3729 eum
522 3657 715 3756 perductus
732 3674 803 3749 est,
826 3661 1015 3759 ipsumque
1028 3656 1186 3757 judicem
1201 3687 1261 3731 ra-

235 3959 458 4029 (¹···)1⁰⁰r¹t

236 4048 278 4118 (a)
296 4048 388 4105 Toutc
399 4059 471 4106 cette
482 4050 599 4124 legende
610 4052 646 4108 de
660 4053 746 4110 sainte
759 4055 907 4111 Theodora
918 4065 960 4112 est
971 4055 1143 4130 apocryphe
1157 4073 1262 4112 comme
1356 4120 1361 4129 Χ

206 4135 224 4188 il
236 4145 280 4192 est
290 4136 370 4193 facile
381 4137 448 4195 de’
428 4156 484 4196 sea
496 4141 662 4212 aperccvoir.

276 4248 302 4297 1.
1070 4231 1116 4304 25
