2894 4958
543 400 659 461 LIBER
679 399 890 462 SECUNDUS.
1191 402 1250 464 tta

188 546 273 596 uxrv
286 522 469 620 episcopos
483 521 702 593 consecravit
710 572 722 608 ‚
744 535 779 593 et
796 533 847 590 v1⁰
863 519 940 590 idus
947 519 1100 616 januarii
1114 518 1158 591 ad
1175 518 1252 594 bea·

187 655 266 710 tum
281 638 427 710 Petrum
438 636 642 733 apostolum
655 637 811 735 sepultus
825 651 878 708 est
886 689 897 724 ,
913 650 949 708 et
962 637 1108 708 cessavit
1120 638 1252 735 episco-

187 768 289 853 patus
305 751 429 826 diebus
446 777 492 823 xn
509 754 523 848 (
548 754 578 849 )

235 872 428 972 Gregorius
450 872 652 956 Romanus,
672 897 714 945 ex
737 886 838 968 patre
859 869 1049 963 Marcello,
1076 870 1166 943 sedit
1183 896 1252 943 an-

188 991 243 1062 nis
270 1015 332 1061 xvi
357 986 539 1061 mensibus
567 1013 603 1059 rx
629 986 753 1062 diebus
781 1012 840 1074 xi,
868 1002 1030 1086 tempore
1055 988 1249 1078 Anastasii,

188 1104 405 1192 Theodosii,
435 1105 566 1176 Leonis
592 1118 700 1203 atque
735 1104 962 1195 Constantini
990 1104 1249 1204 Augustorum.

187 1224 252 1294 Hic
274 1221 403 1294 multas
421 1220 581 1295 ecclesias
601 1236 638 1294 et
659 1218 816 1292 abbatias
832 1222 1057 1309 construxit,
1079 1238 1116 1294 et
1137 1223 1252 1293 multa

187 1337 252 1409 alia
287 1336 404 1428 bona,
441 1362 523 1435 quae
559 1363 768 1409 enumerare
795 1334 1014 1434 impossibile
1046 1355 1117 1426 est,
1150 1337 1249 1411 fecit.

186 1454 253 1525 Hic
269 1479 334 1553 per
351 1452 585 1528 Bonefacium
605 1455 812 1553 episcopum
827 1452 1057 1526 Germaniam
1080 1455 1124 1526 ad
1145 1454 1253 1527 fidem

187 1569 319 1642 Christi
333 1571 524 1643 convertit.
542 1572 646 1641 Tunc
660 1568 744 1641 luna
761 1595 872 1669 usque
885 1568 928 1641 ad
941 1569 1092 1642 mediam
1105 1587 1253 1644 noctem

187 1701 372 1759 cruentata
395 1686 465 1759 visa
489 1701 560 1773 est,
586 1685 715 1757 fluvius
742 1683 882 1758 Tiberis
908 1686 1094 1780 inundavit
1124 1702 1160 1759 et
1187 1713 1253 1786 per

187 1829 239 1877 v11
257 1803 331 1876 dies
353 1806 505 1876 Romam
528 1803 733 1901 occupavit;
756 1802 803 1874 ita
823 1818 865 1874 ut
880 1818 1023 1901 portam
1040 1802 1253 1876 Flaminiam

187 1945 345 2018 egressus
358 1919 636 2007 transcenderet,
649 1937 684 1992 et
697 1920 733 1991 in
748 1920 814 1993 Via
825 1921 909 1991 Lata
924 1918 967 1991 ad
983 1946 1090 1992 unam
1101 1935 1137 1992 et
1148 1921 1252 1994 semis

186 2048 358 2106 staturam
374 2062 463 2135 aqua
484 2051 712 2109 excresceret.
739 2032 915 2134 Gregorio
939 2061 1027 2132 papa
1051 2060 1134 2107 cum
1155 2035 1268 2109 clero·

187 2167 222 2225 et
235 2151 339 2249 plebe
349 2152 495 2225 letanias
504 2149 632 2224 crebro
644 2167 788 2253 agente,
801 2170 883 2251 post
895 2168 1063 2225 octavum
1073 2152 1253 2250 diemjam

186 2270 351 2341 misertus
373 2272 466 2342 Deus
487 2295 615 2369 aquam
634 2271 782 2344 amovit.
804 2270 1009 2343 Anastasius
1034 2270 1077 2343 de
1099 2271 1251 2369 imperio

183 2384 339 2480 dejectus
356 2403 477 2458 contra
498 2385 685 2458 Tiberium
702 2388 894 2486 pugnavit,
913 2385 973 2459 sed
991 2389 1107 2458 victus
1125 2403 1161 2460 et
1176 2387 1252 2459 cle-

186 2501 280 2572 ricus
295 2501 406 2573 sactus
420 2519 486 2575 est.
500 2501 658 2575 Nefanda
675 2503 924 2603 Agarenorum
943 2530 1029 2602 gens
1047 2505 1252 2602 Hispaniam

146 2712 147 2719 ἵ
187 2644 209 2690 x
222 2621 324 2691 annis
338 2619 481 2707 afflixit,
497 2647 605 2720 quam
616 2619 832 2694 Rhodanum
846 2622 999 2693 transire
1011 2620 1192 2693 volentem
1208 2619 1253 2693 ad

186 2736 371 2808 Franciam
383 2735 484 2810 Eudo
498 2738 767 2838 Aquitanorum
781 2738 853 2811 dux
865 2740 966 2826 vicit,
983 2753 1074 2812 etex
1087 2739 1252 2811 eiscccar

185 2856 350 2952 peremit.
369 2854 469 2929 Mille
486 2882 572 2930 vero
589 2872 626 2929 et
646 2858 836 2958 quingenti
857 2857 1080 2929 Francorum
1099 2853 1148 2926 ibi
1168 2869 1252 2926 tan-
1283 2907 1285 2909 -

187 2972 374 3046 tummodo
399 2972 562 3048 cecidisse
588 2976 769 3074 leguntur.
799 2977 902 3046 Tunc
928 2974 965 3045 in
991 2972 1148 3073 quodam
1169 2973 1252 3047 loco

186 3086 390 3187 Campaniae
407 3089 529 3187 pluvia
546 3090 645 3189 quasi
663 3090 763 3188 ignea
781 3089 826 3162 de
842 3089 938 3161 coelo
956 3088 1079 3161 cadere
1092 3088 1163 3159 visa
1178 3101 1249 3176 est,

186 3218 223 3274 et
237 3207 399 3278 triticum
416 3234 455 3279 ac
475 3206 650 3281 hordeum
666 3223 772 3308 atque
789 3208 953 3307 legumen
969 3203 1193 3304 combussit(
1218 3206 1249 3304 ).

219 3542 258 3610 (ι)
277 3539 326 3608 (25
339 3543 514 3617 ¹¹¹³¹⁸⁸7⁰⁸·9
528 3543 596 3598 arrii
613 3543 686 3618 715.)
699 3544 887 3617 L’expedition
905 3543 944 3596 du
958 3544 1062 3615 patrice
1075 3541 1251 3597 Theodorei
1286 3553 1288 3556 '

185 3630 314 3686 Ravenna
328 3643 369 3687 est
389 3632 425 3686 de
439 3652 501 3708 7⁰9·
521 3636 558 3688 Le
575 3653 678 3708 voyage
695 3635 734 3690 du
752 3653 821 3707 pape
840 3638 856 3688 h
875 3633 1104 3707 Constantinople
1123 3632 1194 3687 dura
1211 3632 1251 3687 du

184 3715 328 3773 hoctobre
346 3738 411 3795 710,
430 3721 496 3791 jour
513 3722 547 3776 de
565 3741 616 3777 son
633 3723 744 3795 depart,
761 3723 891 3796 jusqu’au
909 3727 943 3788 24
960 3722 1072 3776 octobre
1092 3720 1127 3776 de
1144 3720 1251 3775 l'annde

186 3805 317 3860 suivante.
335 3808 473 3862 Justinien
487 3810 515 3862 lI
532 3820 579 3864 eut
596 3811 620 3864 la
638 3811 693 3865 teto
710 3812 841 3865 tranchee
857 3810 883 3864 le
905 3830 931 3865 11
952 3810 1065 3864 octobre
1079 3819 1185 3884 711,et
1200 3825 1250 3863 ton

185 3911 342 3949 successeur
355 3895 498 3970 Filepique
512 3899 550 3953 les
566 3919 637 3971 yeux
649 3903 740 3955 creves
753 3899 779 3955 le
793 3900 810 3955 3
825 3901 888 3971 juin
905 3899 965 3974 713.
982 3901 1134 3974 L’e'pithate
1151 3899 1186 3954 de
1203 3918 1250 3953 au-

185 3984 270 4053 perbe
285 3984 393 4040 donnee
409 3987 445 4041 ici
462 3989 581 4054 aFelix,
596 3991 765 4064 archeveque
782 3990 817 4043 de
834 3990 976 4057 Raveune,
995 3991 1065 4045 tient
1075 3993 1093 4043 a
1105 4008 1132 4042 sa
1147 3989 1249 4044 re'volte

184 4083 281 4126 contre
294 4073 319 4127 ie
333 4077 504 4147 saint-siege.

220 4163 259 4230 (a)
276 4165 322 4236 (19
335 4166 388 4218 mai
401 4165 502 4239 715·1o
516 4168 613 4223 [etrier
623 4166 697 4242 731.)
711 4170 747 4223 Le
760 4167 901 4242 pontificat
911 4168 945 4223 de
956 4169 1094 4241 Gregoire
1104 4169 1131 4221 lt
1144 4167 1249 4222 n'attei·
