2894 4958
201 444 261 505 436
477 445 659 506 HISTORIA
680 446 985 510 ECCLESIASTICA.

200 593 276 638 uno
301 564 482 639 mensibus
504 591 528 640 v
548 564 672 638 diebus
696 592 734 639 x.
761 567 869 639 Tunc
887 584 1042 644 cometes
1058 571 1096 642 in
1116 571 1263 648 Oriente

197 698 346 783 augusto
370 709 491 755 mense
512 683 702 781 apparuit,
730 699 766 756 et
788 710 854 782 per
878 699 949 758 tres
973 713 1113 761 menses
1136 715 1158 761 a
1179 690 1260 790 galli

198 815 306 872 cantu
321 825 432 898 usque
451 824 556 870 mane
574 799 611 869 in
630 798 751 869 multis
767 798 974 898 regionibus
987 803 1171 877 intuentes
1189 820 1260 878 ter-

195 917 287 1002 ruit,
310 930 346 988 et
369 940 466 987 mors
488 913 677 988 bominum
698 913 743 985 ab
765 916 913 990 Oriente
933 921 1114 993 successit.
1139 922 1260 995 Dorus

193 1059 283 1130 papa
300 1031 446 1103 diversis
465 1028 664 1103 honoribus
679 1029 862 1128 ampliavit
876 1032 950 1128 (1),
967 1049 1004 1106 et
1018 1035 1207 1134 episcopos
1222 1060 1258 1109 rt

193 1149 426 1222 consecravit.
453 1147 592 1220 Deinde
613 1146 706 1247 apud
723 1145 869 1221 beatum
887 1149 1033 1221 Petrum
1056 1153 1257 1250 apostolum

192 1281 248 1336 111⁰
277 1267 354 1337 idus
378 1266 499 1363 aprilis
526 1264 685 1362 sepultus
709 1280 781 1352 est,
808 1279 845 1338 et
866 1268 1011 1339 cessavit
1037 1270 1258 1370 episcopatus

192 1383 375 1456 mensibus
394 1407 419 1452 u
439 1379 562 1453 diebus
580 1384 660 1478 xv(
685 1382 716 1479 ).

240 1496 381 1598 Agatho
400 1496 537 1569 Siculus
557 1497 647 1570 sedit
659 1498 762 1570 annis
775 1522 801 1570 11
815 1498 996 1572 mensibus
1007 1525 1046 1574 vr
1059 1500 1189 1574 diebus
1203 1528 1253 1590 rr,

191 1631 354 1715 tempore
384 1615 633 1702 Constantini,
660 1614 813 1687 Heraclii
840 1632 876 1688 et
906 1614 1044 1689 Tiberii
1075 1617 1257 1719 Augusto-

189 1757 283 1805 rum.
302 1734 406 1804 Tunc
428 1730 513 1802 luna
534 1730 706 1830 eclypsim
724 1756 846 1803 mense
864 1732 970 1829 junio
988 1759 1053 1831 per
1068 1733 1147 1807 dics
1167 1758 1256 1809 mn

188 1876 284 1949 passa
303 1863 373 1936 cst,
395 1866 431 1920 et
447 1845 623 1918 mirabilis
642 1847 841 1919 mortalitas
864 1865 981 1920 secuta
1002 1865 1068 1922 est.
1092 1851 1256 1924 Parente

189 1982 225 2038 et
252 1966 316 2038 lilii
338 1963 416 2036 bini
444 1964 500 2036 vel
525 1963 619 2036 terni
642 1963 686 2035 ad
712 1964 872 2062 sepulcra
894 1964 1135 2041 ducebantur.
1156 1969 1256 2040 Tunc

189 2083 295 2182 legati
316 2079 626 2181 apostolicaesedis
643 2079 687 2151 ab
704 2081 978 2180 imperatoribus
994 2083 1032 2155 in
1050 2085 1145 2159 urbe
1163 2086 1255 2186 regia

187 2197 386 2274 honorifice
405 2199 557 2296 suscepti
582 2214 684 2285 sunt,
704 2213 740 2269 et
759 2223 800 2269 cu
823 2201 1006 2298 episcopos
1022 2203 1253 2276 orientalium

185 2317 346 2416 partium
368 2314 412 2386 ad
437 2314 676 2388 disserendam
695 2314 802 2387 fidem
824 2315 1033 2391 catholicam
1059 2318 1100 2389 in
1118 2319 1254 2420 synodo

187 2431 343 2531 generali
368 2447 690 2529 congregaverunt.
717 2430 770 2502 Ibi
796 2431 972 2533 Georgius
994 2436 1255 2509 Constantino-

186 2549 368 2647 politanus
390 2545 434 2620 ab
460 2545 584 2619 haeresi
605 2549 790 2620 convictus
807 2551 955 2648 quievit.
976 2552 1151 2624 Pertinax
1173 2577 1254 2626 vem

186 2665 388 2739 Maclrarius
406 2664 654 2739 Antiochenus
672 2693 755 2738 cum
776 2667 847 2739 suis
866 2668 1076 2768 sequacibus
1096 2671 1252 2744 damnari

186 2785 334 2857 meruit.
351 2783 442 2855 Nam
460 2784 614 2882 generali
625 2782 763 2882 judicio
780 2784 960 2883 depositus
977 2802 1049 2874 est,
1072 2803 1110 2860 et
1129 2789 1168 2860 in
1185 2790 1253 2862 exi-

185 2899 277 2973 lium
293 2902 446 2973 Romam
458 2898 615 2972 directus
632 2915 698 2972 est.
720 2899 973 2999 Theophanius
986 2928 1075 2976 vcro
1092 2902 1201 2975 abbas
1213 2903 1251 2976 de

187 3016 302 3089 insula
316 3015 490 3089 Siciliensi
512 3017 729 3088 constitutus
742 3033 808 3089 est.
823 3016 962 3117 Agatho
976 3046 1065 3116 papa
1083 3022 1251 3119 xv111epi·

186 3161 312 3234 scopos
332 3136 566 3207 consecravit.
582 3136 648 3205 Hic
662 3140 713 3207 1v⁰
732 3133 809 3205 idus
820 3135 975 3233 januarii
993 3136 1090 3234 apud
1111 3136 1250 3210 beatum

187 3252 335 3327 Petrum
348 3252 552 3351 apostolum
565 3250 724 3349 sepultus
737 3267 809 3338 est,
826 3265 862 3323 et
874 3251 1018 3323 cessavit
1030 3253 1249 3353 episcopatus

72 3388 77 3395 ·
187 3394 286 3442 anno
303 3394 380 3440 uno
396 3364 578 3440 mensibus
595 3391 647 3439 vu
664 3364 791 3438 diebus
807 3365 860 3463 v(
886 3365 916 3462 ).

222 3689 263 3760 (r)
280 3686 374 3743 lldoit
383 3705 402 3760 y
412 3686 487 3741 avoir
494 3686 530 3741 ici
538 3703 578 3740 un
587 3684 766 3750 motd’omis;
776 3700 847 3739 nous
855 3700 1008 3756 supposons
1016 3702 1074 3759 que
1082 3704 1115 3743 ce
1124 3688 1248 3761 pemeus

188 3774 304 3833 alenam.

223 3865 264 3920 tal
280 3866 309 3928 (a
321 3859 471 3918 novembre
482 3858 582 3935 676-11
599 3859 667 3913 avril
679 3858 754 3933 678.)

368 3951 398 4006 in
408 3949 512 4026 679-10
521 3949 629 4020 janvier
640 3948 714 4018 682.)
728 3949 804 4003 Tont
820 3948 845 4002 le
862 3949 963 4004 monde
975 3951 1028 4004 sait
1039 3953 1148 4026 qu’une
1159 3951 1246 4024 tctpe

392 4037 478 4095 darer
493 4039 630 4113 plusieurs
643 4037 731 4108 jours.
753 4036 829 4091 Celle
846 4036 915 4091 dont
931 4039 952 4092 il
972 4040 1052 4113 s’agit
1072 4042 1108 4095 ici
1127 4042 1212 4096 arrira
1225 4039 1246 4091 lc

412 4125 530 4184 ndns
541 4135 571 4180 et
579 4124 681 4180 Tibtre
693 4125 796 4179 etaient
803 4123 843 4179 les
851 4126 938 4181 frti-es
946 4127 1160 4185 deC0nstantin
1169 4130 1244 4200 Pogo

429 4210 621 4270 baccini
639 4230 668 4267 ιι
684 4212 828 4285 μιίκυιοο
845 4212 1243 4274 dansleccmmenccmcntde
