2894 4958
517 386 635 449 LIBER
655 383 866 450 SECUNDUS.
1148 428 1151 432 ⁴
1171 387 1230 454 273

166 509 347 585 medentes
372 508 587 608 baptizavit,
608 509 728 610 eisque
750 495 990 583 Caelestinum
1004 513 1093 611 (r),v
1110 514 1230 586 virum

166 628 303 704 mutarn
318 644 355 703 et
369 628 588 727 sapientem,
605 628 814 728 episcopum
830 628 1032 701 constituit.

210 746 268 821 Ad
286 763 429 847 portam
442 744 663 819 Nicomediae
686 746 723 818 in
748 743 897 846 grabato
920 762 1107 822 mortuum
1124 752 1232 847 jure-

166 890 249 941 nem
273 862 510 961 olfendit(2)‚
543 864 643 961 cujus
670 878 835 960 parentes
858 876 964 936 aetate
979 877 1166 963 gravatos,
1196 880 1233 938 et

166 1007 248 1056 cum
264 981 387 1054 nimiis
409 976 609 1079 ploratibus
627 979 691 1051 lilii
708 977 856 1051 cadaver
871 995 1127 1079 prosequentes
1144 1005 1232 1080 pro-

166 1098 295 1203 spexit.
321 1097 530 1173 condolens
552 1112 672 1170 autem
701 1096 870 1197 lacrymis
894 1117 1022 1170 eorum
1036 1150 1048 1184 ,
1079 1097 1234 1198 qualiter
1311 1123 1313 1130 ·

166 1213 368 1291 adolescens
395 1210 543 1286 obiisset
572 1211 773 1312 inquisivit.
806 1209 874 1283 Sed
904 1210 973 1283 illis
1000 1212 1235 1310 praetimore

166 1328 259 1405 nihil
283 1328 607 1431 respondentibus,
619 1357 654 1401 a
676 1328 819 1401 famulis
842 1327 979 1401 audivit
998 1359 1008 1401 z
1027 1330 1128 1402 Dum
1144 1349 1235 1404 esset

166 1446 226 1523 ltt'c
250 1446 482 1556 inscubiculo
499 1446 619 1536 solus,
638 1463 776 1548 septem
797 1470 909 1520 eones
934 1445 1053 1520 subito
1076 1448 1236 1521 advene-

166 1582 271 1656 runt,
300 1583 334 1640 ct
362 1567 401 1638 in
427 1592 510 1638 eum
539 1567 730 1637 irruerunt.
757 1563 818 1636 Ab
842 1563 908 1637 his.
925 1590 1012 1664 ergo
1038 1567 1236 1640 miserrime

166 1684 386 1786 discerptus,
419 1682 554 1758 cecidit
581 1700 752 1764 mortuus.
782 1683 888 1755 Tunc
912 1683 1072 1758 Andreas
1100 1700 1236 1784 septem

166 1798 405 1889 demonum,
435 1825 528 1901 quos
555 1827 575 1872 a
604 1798 725 1871 Nicaea
754 1797 917 1898 iugarat,
949 1797 1018 1873 hoc
1048 1823 1138 1898 opus
1163 1827 1238 1877 esse

166 1917 356 2019 cognovit,
380 1931 417 1989 et
442 1916 480 1988 in
501 1915 638 1989 eoelum
660 1914 861 2015 suspirans,
889 1942 909 1987 a
933 1916 1009 1988 Deo
1036 1916 1148 1987 vitam
1172 1914 1238 1992 de-

166 2035 297 2110 functo
309 2033 450 2134 petivit.
464 2034 642 2132 Factaque
653 2057 772 2130 prece,
783 2056 976 2104 conversus
989 2030 1033 2103 ad
1046 2031 1235 2124 feretrum,

166 2151 218 2227 ait
238 2182 250 2223 ε
269 2151 317 2223 In
337 2152 481 2223 nomine
499 2149 593 2222 Jesu
613 2147 773 2238 Christi,
794 2147 1149 2248 surgc.-Admirante
1171 2177 1239 2250 po·

166 2265 280 2369 palo,
313 2292 404 2366 puer
433 2265 609 2338 surrexit.
628 2279 666 2337 et
701 2265 943 2338 resuscitatori
975 2292 1040 2340 suo
1074 2264 1235 2340 adliaesit.

166 2383 363 2485 Apostolus
378 2407 466 2455 vero
486 2406 640 2481 puerum
659 2378 866 2454 credentem
882 2383 1049 2482 usquein
1069 2385 1240 2460 Macedo-

166 2501 267 2575 niam
279 2525 401 2575 secum
416 2499 602 2599 perduxit,
619 2515 656 2572 et
672 2496 886 2571 salutaribus
908 2498 1027 2573 verbis
1050 2501 1236 2577 instruxit.

195 2678 201 2685 .
216 2616 390 2717 Egressus
413 2614 496 2686 inde
506 2666 516 2700 ‚
536 2613 658 2685 navim
672 2612 851 2702 aseendit,
872 2629 910 2687 et
926 2614 1149 2715 Hellesponti
1166 2617 1238 2692 sre-

167 2751 249 2810 tam
276 2733 453 2820 intravit,
482 2730 770 2832 Byzantiumque
800 2729 899 2804 adire
926 2729 1116 2830 disposuit.
1145 2735 1240 2810 Ecce

167 2875 269 2925 mare
289 2861 527 2923 commotum
551 2860 626 2934 est,
654 2860 794 2918 ventus.
811 2844 947 2918 validus
973 2847 1164 2938 incubuit,
1202 2869 1240 2924 et

167 2966 271 3042 uaris
292 2961 534 3065 mergebatur,
556 2977 749 3062 nautaeque
770 2963 899 3035 mortis
920 2964 1123 3063 periculum
1145 2994 1239 3067 prae·

167 3065 409 3162 stolabautnr.
437 3078 604 3178 Denique
627 3073 752 3150 beatus
780 3075 940 3151 Andreas
969 3077 1013 3151 ad
1041 3079 1241 3157 Dominum

168 3198 288 3275 oravit
296 3251 308 3286 ,
326 3222 401 3298 quo
414 3196 646 3296 praecipiente
661 3220 747 3268 mox
760 3212 890 3269 ventus
901 3194 1017 3286 siluit,
1037 3200 1241 3301 tranquilli·

169 3332 224 3391 tas
240 3313 370 3403 rediit,
389 3331 426 3388 et
441 3339 602 3387 omnesa
620 3311 827 3386 discrimine
840 3311 1009 3388 liberatos
1026 3317 1241 3417 Byzantium

170 3458 341 3534 prospera
353 3431 533 3532 navigatio
543 3430 724 3531 perduxit.
741 3428 828 3504 lnde
839 3427 1118 3531 properantibus
1129 3432 1242 3508 Thra·

171 3549 242 3624 cias
257 3548 448 3623 bominum
463 3549 628 3649 apparuit
645 3546 860 3638 multitudo,
877 3550 939 3650 qui
954 3575 1036 3621 cum
1049 3552 1241 3652 evaginatis

172 3666 298 3768 gladiis
321 3665 458 3739 lanceas
477 3663 642 3737 manibus
665 3662 868 3766 gestabant,
894 3667 990 3739 etin
1014 3686 1241 3745 occursantes

175 3783 312 3858 mucre
336 3780 542 3881 cupiebant.
566 3781 695 3855 Beatus
716 3807 804 3856 vero
826 3780 986 3856 Andreas
1010 3796 1135 3857 contra
1163 3786 1242 3860 illos

209 4077 249 4149 (a)
266 4075 342 4130 Dans
354 4075 380 4131 le
389 4075 453 4130 laux
464 4073 582 4145 Abdias,
594 4093 625 4129 ee
637 4033 809 4151 personnage
820 4083 862 4128 est
872 4077 984 4129 nomme
995 4074 1106 4134 Caliste.

207 4166 250 4235 (a)
267 4157 308 4218 Ce
317 4172 376 4219 mot
386 4172 430 4218 est
444 4163 500 4236 pn's
513 4154 695 4225 damle'seas
707 4160 746 4220 de,
755 4150 923 4218 rancoatrer.

249 4277 274 4324 ι.
1055 4256 1097 4325 ι8
1201 4240 1205 4246 ’
