2894 4958
574 420 692 481 LIBER
714 421 872 483 PRIMUS.
1201 425 1258 486 133

182 539 309 617 fratris
331 541 408 628 sui,
433 566 516 612 cum
533 566 606 640 quo
631 541 769 614 bellum
791 543 943 630 inierat,
972 545 1109 616 occisus
1126 559 1179 617 est
1191 571 1203 633 ς
1223 559 1260 618 et

184 655 440 732 Cbildeb'e'rtus
457 657 552 730 lilius
571 662 646 758 ejus
662 657 779 732 adhuc
801 659 994 759 puerulus,
1018 687 1102 733 cum
1125 662 1261 734 Bruui-

184 773 304 849 cbilde
315 789 522 863 matresua,
538 801 693 876 regnum
704 774 866 875 patrisad
876 775 1076 877 regendum
1089 778 1259 878 suscepit,

182 908 223 966 et
235 894 428 967 xxvannis
442 893 607 994 regnavit
624 894 696 993 (r).

233 1011 397 1084 lustinus
414 1011 538 1085 minor
560 1013 664 1084 annis
691 1037 743 1086 ιιι.
768 1011 897 1087 Narses
912 1014 1084 1112 patricius
1101 1014 1262 1088 Totilam

183 1155 306 1230 regem
330 1127 538 1232 Gothorum
559 1129 597 1202 in
623 1129 724 1202 ltalia
748 1131 931 1229 superavit
955 1146 992 1204 et
1020 1130 1166 1206 occidit.
1188 1130 1259 1224 Qui

184 1243 315 1321 deinde
331 1272 398 1347 per
419 1244 592 1319 invidiam
616 1247 883 1338 Romanorum,
906 1275 975 1348 pro
992 1248 1124 1349 quibus
1147 1248 1261 1322 multa

185 1386 316 1445 contra
332 1369 474 1446 Gothos
491 1369 736 1462 laboraverat,
755 1387 937 1445 accusatus
957 1372 1051 1472 apud
1078 1373 1262 1445 lustinum

184 1502 222 1563 et
253 1488 445 1588 conjugem
476 1491 551 1586 ejus
576 1485 748 1587 Sophiam
772 1488 872 1589 quod
901 1489 1049 1563 seruitio
1080 1490 1261 1588 premeret

184 1602 344 1692 ltaliam,
356 1603 498 1677 secessit
509 1602 700 1702 Neapolim
714 1604 941 1702 Campaniae,
961 1621 997 1677 et
1008 1604 1152 1704 scripsit
1162 1602 1262 1703 genti

185 1719 509 1822 langobardorum
533 1737 577 1792 ut
600 1722 769 1795 venirent
791 1735 828 1794 et
850 1720 1076 1819 possiderent
1105 1719 1259 1795 ltaliam.

183 1837 341 1911 loannes
363 1865 453 1938 papa
488 1837 673 1910 ecclesiam
694 1835 943 1937 apostolorum
963 1835 1120 1936 Philippi
1146 1852 1182 1910 et
1201 1837 1262 1908 Ja-

185 1951 267 2029 cobi
278 2007 290 2041 ,
310 1980 420 2054 quam
440 1953 680 2052 predecessor
700 1955 774 2052 ejus
792 1952 953 2054 Pelagius
970 1951 1261 2052 coeperat,·secit

184 2086 221 2146 et
233 2071 423 2146 dedicavit.
439 2075 545 2145 Tunc
562 2071 753 2147 bellicosus
766 2068 905 2144 Alboin
913 2123 925 2159 ,
940 2067 1104 2143 Audonis
1120 2070 1262 2170 Lango-

184 2188 383 2264 bardorum
399 2190 493 2288 regis
514 2188 631 2277 filius,
654 2189 699 2263 de
715 2186 901 2261 Pannonia
923 2187 960 2260 in
978 2180 1118 2259 ltaliam
1135 2186 1257 2276 venit,

183 2314 335 2407 eamque
346 2306 582 2405 permittente
592 2303 740 2379 narsete
756 2303 911 2404 patricio
923 2329 1008 2382 curn
1018 2302 1174 2377 Guinilis
1187 2304 1260 2376 suis

184 2420 377 2522 obtinuit(
403 2424 432 2521 ).

233 2538 402 2614 Tiberius
425 2541 686 2616 Constantinus
710 2544 815 2615 annis
848 2567 917 2616 vn.
944 2541 1141 2641 Gregorius
1170 2555 1258 2612 tunc

184 2657 435 2757 apocrisiarius
469 2657 507 2730 in
548 2657 926 2759 Constantinopolim,
960 2673 1043 2759 post
1087 2683 1259 2731 romanus

184 2775 392 2875 episcopus,
412 2774 527 2849 libros
551 2774 786 2875 expositionis
805 2777 843 2848 in
862 2774 933 2849 Job
953 2774 1098 2864 condit,
1118 2791 1155 2849 et
1179 2777 1260 2849 Eu-

184 2893 315 2964 ticium
326 2890 488 2991 ejusdem
501 2890 601 2963 urbis
618 2893 827 2991 episcopum
845 2893 884 2964 in
901 2890 972 2965 fide
988 2907 1123 2966 nostrae
1139 2919 1259 2966 resur·

184 3010 357 3084 rectionis
381 3036 535 3094 errasse,
569 3008 720 3083 Tiberio
741 3025 920 3109 praesente
934 3002 1117 3099 'convicit3
1146 3011 1193 3082 ita
1215 3026 1258 3082 ut

217 3319 258 3391 (ι)
276 3319 314 3373 Ln
326 3316 548 3373 trente-sirieme
561 3317 649 3371 conoe
665 3314 701 3370 de
711 3314 851 3369 Justinien
867 3313 974 3388 repond
987 3316 1002 3369 l
1013 3311 1151 3382 562-563,
1165 3313 1258 3370 tandin

186 3423 239 3481 que
251 3405 381 3480 sigebert
390 3405 434 3461 lut
444 3404 576 3460 assassioe
587 3423 623 3459 en
631 3401 694 3480 575.
707 3402 885 3472 childebert‚
897 3403 939 3458 roi
949 3402 1129 3472 d’Austrasie,
1143 3415 1258 3460 mourut

186 3514 220 3552 en
231 3497 299 3572 596,
315 3497 385 3553 dans
396 3496 422 3551 la
436 3497 586 3571 vingtieme
597 3497 686 3551 annee
698 3495 734 3550 de
746 3512 796 3550 son
810 3495 906 3567 regne.

219 3589 259 3661 (a)
276 3591 323 3660 (¹4
342 3588 492 3643 novembre
509 3585 617 3642 565-1‘*
635 3586 749 3642 octobre
766 3582 844 3661 578).
867 3586 904 3638 La
923 3582 1034 3639 bataille
1052 3583 1121 3638 drus
1140 3584 1258 3659 laquelle

187 3677 278 3735 'lolila
295 3679 339 3734 fut
358 3680 458 3734 vaincu
476 3688 504 3733 et
522 3680 571 3733 tue
584 3696 635 3751 par
647 3677 760 3732 l'armee
771 3675 807 3731 de
820 3676 937 3738 Nartes,
955 3685 1004 3730 ent
1015 3674 1071 3729 lieu
1090 3694 1125 3730 au
1139 3678 1210 3733 mois
1222 3677 1257 3734 de

184 3768 245 3841 juin
257 3768 321 3826 552.
335 3770 436 3825 Narses
448 3788 476 3825 se
489 3770 575 3825 retica
587 3773 602 3824 a
616 3768 717 3842 Naples
730 3786 765 3823 eu
777 3764 840 3843 567,
853 3767 943 3822 revint
954 3769 969 3820 a
982 3765 1086 3835 Rome,
1102 3777 1131 3822 et
1142 3780 1257 3824 mourut

186 3856 311 3916 lameme
322 3850 419 3915 annosi.
434 3858 457 3913 Il
468 3869 510 3914 est
520 3858 585 3913 laur
597 3876 652 3932 que
664 3856 703 3912 les
713 3855 865 3911 Lombards
876 3855 952 3909 aient
960 3854 1059 3910 envabi
1070 3854 1170 3912 l’ltalie
1180 3860 1196 3911 a
1207 3875 1257 3912 son

187 3947 576 4024 instigationCetteinrasion
584 3946 672 4002 estdu
679 3947 751 4002 mois
757 3942 922 4013 d’avril568,
932 3954 961 4000 et
967 3945 1074 4018 laprise
1082 3945 1117 4000 rle
1125 3946 1257 4002 lllilandn

189 4038 370 4112 lseptembre
381 4035 444 4111 569.
462 4038 570 4092 Guinr'li
577 4055 614 4091 on
631 4036 668 4090 W
666 4037 728 4091 initi
738 4046 780 4090 est
790 4035 816 4090 le
826 4052 893 4089 nom
905 4033 1029 4107 primitis
1037 4033 1086 4089 (les
1095 4035 1255 4091 bombards.

189 4125 304 4195 Alboin,
320 4127 370 4200 qui
388 4125 429 4181 les
446 4127 518 4182 avait
532 4127 662 4182 conduits
678 4144 713 4180 en
730 4124 824 4192 Italie‚
840 4133 955 4178 mourut
970 4122 996 4176 le
1014 4121 1048 4177 28
1059 4123 1123 4194 juin
1141 4121 1203 4199 573.
1220 4126 1258 4178 le

190 4215 331 4287 pontificat
344 4213 461 4270 delean
472 4214 533 4283 III,
547 4214 597 4289 qui
609 4213 710 4269 achera
721 4213 826 4287 l'e'glise
839 4211 875 4268 (le
889 4208 1113 4285 saint-Philippo
1123 4222 1153 4266 et
1163 4212 1257 4268 Saint-

190 4306 316 4383 lmqnm,
330 4306 374 4363 lut
387 4304 422 4361 de
433 4306 519 4362 treize
532 4324 580 4363 ans
593 4303 639 4376 (18
648 4305 742 4376 juillet
755 4301 859 4362 560-13
868 4301 961 4376 juillet
973 4297 1046 4375 573).
