2894 4958
536 446 656 512 ttsssstt
675 448 885 512 SECUNDUS„
1188 458 1244 517 211

182 593 253 671 pro
274 592 361 645 vero
388 569 488 670 qnod
512 569 706 671 agebatur3
735 597 782 645 ne
804 572 925 645 divina
948 575 1062 646 virtus
1080 573 1249 651 humanis

181 684 417 763 assertoribus
436 685 599 787 indigere
614 702 816 785 putaretur.
839 688 1004 790 Cumque
1011 744 1023 780 ,
1052 690 1249 767 secundum

182 829 223 878 sa
244 828 329 905 qtm
353 829 458 904 supra
484 803 663 895 diximus,
689 805 865 879 renuisset
889 822 1053 896 senatus,
1082 806 1250 883 Tiberius

182 934 306 995 nmen
322 923 442 995 tenuit
456 920 671 996 sententiam
685 946 805 1009 suam,
824 948 870 995 ne
886 923 967 1022 quis
984 923 1149 997 adversus
1161 925 1251 999 doc-

182 1036 318 1109 trinam
334 1035 467 1110 Christi
486 1037 710 1111 contrarium
728 1037 920 1112 moliretur
933 1039 1003 1138 (1).
1031 1041 1138 1135 Quod
1162 1068 1252 1140 pro-

183 1150 282 1228 fecto
305 1151 426 1227 divina
446 1155 638 1254 prudentia
660 1155 707 1227 its
730 1169 820 1228 tnnc
842 1155 989 1229 Caesaris
1009 1157 1169 1231 sensibus
1191 1160 1253 1231 in-

184 1271 313 1369 gessit,
341 1286 384 1343 nt
412 1269 546 1372 absque
572 1271 650 1345 ullo
678 1271 866 1346 obstaculo
898 1275 936 1349 in
966 1275 1050 1375 ipsis
1081 1274 1255 1349 duntaxat

186 1385 299 1460 initiis
311 1387 494 1490 Evangelii
508 1413 626 1463 sermo
635 1415 889 1491 usquequaque
896 1407 1137 1490 percurreret.
1148 1392 1255 1467 Unde

184 1515 223 1575 st
237 1501 375 1575 factum
390 1516 444 1576 est
460 1517 502 1575 ut
518 1517 667 1602 repente
690 1505 791 1605 quasi
813 1504 959 1579 coelitus
981 1505 1103 1580 lumen
1128 1523 1254 1581 osten-

184 1638 287 1709 sum,
306 1633 369 1693 aut
384 1617 506 1692 rudius
523 1619 607 1692 solis
624 1644 836 1717 erumpens,
858 1635 977 1694 totum
995 1622 1123 1697 orbem
1145 1624 1255 1696 clari-

187 1746 261 1807 tate
288 1735 434 1834 superni
459 1734 607 1808 luminis
635 1734 851 1824 illustraret,
878 1751 922 1806 ut
949 1738 1193 1835 compleretur
1220 1756 1257 1813 et

187 1846 247 1922 illa
262 1848 450 1950 prophetia
474 1875 557 1950 quae
573 1849 712 1922 dixerat
732 1879 742 1919 z
763 1851 809 1921 In
827 1877 969 1923 omnem
986 1868 1117 1925 terram
1141 1858 1256 1931 ext'vit

185 1990 299 2041 sonus
316 1993 439 2040 comm
448 2024 461 2058 ,
479 1985 514 2039 et
528 1969 567 2039 in
573 1968 673 2068 fines
689 1965 787 2040 orbis
800 1981 905 2040 terrae
918 1968 1198 2071 cethaeorum(
1222 1975 1253 2072 ).

186 2086 242 2157 Ex
257 2109 335 2184 quo
351 2111 417 2184 per
433 2109 559 2160 omnes
577 2084 737 2157 civitates
753 2108 794 2155 ac
807 2085 906 2159 vicos
924 2084 1107 2159 immensae
1126 2086 1258 2161 multi-

189 2200 342 2292 tudinis,
370 2201 470 2275 velut
489 2202 659 2276 messium
682 2214 849 2300 tempore
868 2199 1051 2275 frumenta
1071 2201 1252 2300 adoreas,

187 2319 237 2393 ita
262 2319 307 2393 sd
331 2320 495 2395 ecclesias
520 2319 646 2421 populi
674 2315 999 2418 congregabantur.
1028 2316 1256 2422 Quicumque

188 2433 240 2506 illi
262 2460 283 2508 a
306 2434 518 2535 parentibus
535 2433 676 2507 traditu
701 2430 768 2505 sibi
789 2430 969 2507 morbidae
991 2436 1257 2535 superstitionis

186 2551 343 2625 vinculis
359 2548 589 2640 tenebantur,
607 2576 674 2651 per
688 2550 893 2626 doctrinam
915 2549 1047 2626 Christi
1064 2554 1194 2644 simul,
1220 2571 1258 2630 et

186 2662 367 2740 virtutum
378 2668 550 2742 miracula
569 2692 651 2767 qnoe
671 2665 750 2742 ficri
766 2665 955 2755 videbant,
974 2682 1141 2767 percepta
1154 2669 1256 2742 verbi

186 2782 254 2856 Dei
280 2785 411 2857 notitia
436 2798 649 2884 tanquama
677 2782 877 2884 tyrannicis
898 2781 1059 2857 dominis
1087 2783 1254 2875 liberati,

184 2895 231 2971 ad
250 2921 367 2970 unum
387 2924 515 2973 verum
532 2896 649 2972 Deum
675 2913 712 2972 et
738 2898 954 2990 Dominum,
984 2912 1257 3000 creatoremque

183 3034 315 3103 mum,
333 3016 465 3089 vetusti
486 3014 621 3087 erroris
635 3015 877 3112 poenitentes,
899 3010 995 3086 fideli
1014 3038 1098 3086 cum
1117 3013 1257 3088 confes-

184 3130 291 3204 sione
306 3129 511 3220 veniebant.

237 3246 420 3324 Defuncto
437 3246 606 3336 Tiberio,
627 3249 735 3322 Gaius
753 3247 909 3348 Caligula
927 3248 1120 3347 imperium
1136 3272 1257 3322 susce

184 3362 266 3462 pit,
291 3378 329 3435 et
351 3386 389 3435 ιν
406 3364 509 3437 anuis
532 3389 599 3438 nec
621 3363 769 3463 integris
793 3363 991 3462 usurpavit.
1018 3364 1086 3436 llic
1111 3362 1257 3439 Judaeo-

221 3679 265 3752 (a)
281 3679 400 3750 Tibine,
420 3697 528 3737 comm
547 3696 618 3737 nous
635 3680 738 3736 l’avous
756 3679 818 3753 dsjt
837 3678 893 3747 dit,
914 3680 1002 3754 regna
1020 3697 1059 3734 uu
1076 3696 1131 3753 peu
1147 3678 1210 3753 plus
1222 3679 1260 3738 de

185 3768 359 3844 vingt-deux
367 3780 453 3826 auset
463 3770 538 3827 demi
550 3770 649 3844 depuis
657 3769 684 3825 la
692 3779 768 3824 mort
776 3768 930 3842 d’Augnste
940 3766 1060 3842 (ipaodt
1075 3771 1194 3835 al-mars
1201 3766 1256 3845 57).

189 3857 220 3914 Si
230 3856 256 3912 la
266 3856 391 3927 deleme,
407 3857 571 3914 attribuisti
583 3877 614 3914 ce
624 3858 735 3932 prinae,
748 3855 784 3912 de
796 3855 956 3930 persecutor
965 3853 1004 3910 les
1014 3853 1154 3911 chietiens
1164 3872 1180 3910 a
1190 3857 1259 3912 niel·

189 3946 337 4003 lsmenten
348 3948 420 4017 lieu,
434 3946 487 4004 elle
498 3946 560 4004 doit
571 3948 630 4003 ἐπε
641 3946 677 4003 dc
689 3947 797 4002 t’annse
809 3943 858 4015 35,
867 3945 936 3999 mais
948 3961 1019 3999 nous
1026 3962 1109 4000 avons
1116 3944 1259 4020 beaucoup

189 4034 227 4090 de
239 4037 322 4111 peine
335 4038 351 4092 l
363 4055 382 4110 y
394 4037 500 4106 croire,
515 4037 622 4112 malgre
631 4046 695 4092 tous
706 4035 746 4091 les
758 4034 922 4090 documenta
935 4032 1056 4107 allegues
1067 4037 1084 4090 a
1096 4029 1167 4091 cette
1180 4053 1259 4092 occa-

188 4124 252 4180 sion
265 4142 374 4182 comme
386 4126 584 4202 authentiques
596 4145 647 4200 par
658 4121 815 4182 Tertullien
827 4132 856 4178 et
868 4123 940 4177 saint
952 4121 1054 4179 lustin.

225 4215 265 4284 (a)
283 4215 390 4270 Psalm.
406 4234 483 4285 xviii,
497 4213 525 4271 5.
539 4216 634 4288 Epist.
649 4214 685 4270 B.
700 4213 787 4269 Pauo·
795 4211 963 4270 udllomau.
976 4228 1006 4282 a,
1024 4212 1065 4270 rt.
