<?xml version="1.0" encoding="UTF-8"?>
<!DOCTYPE html PUBLIC "-//W3C//DTD XHTML 1.0 Transitional//EN"
    "http://www.w3.org/TR/xhtml1/DTD/xhtml1-transitional.dtd">
<html xmlns="http://www.w3.org/1999/xhtml" xml:lang="en" lang="en">
 <head>
  <title>
</title>
<meta http-equiv="Content-Type" content="text/html;charset=utf-8" />
  <meta name='ocr-system' content='tesseract 3.04.00' />
  <meta name='ocr-capabilities' content='ocr_page ocr_carea ocr_par ocr_line ocrx_word'/>
</head>
<body>
  <div class='ocr_page' id='page_1' title='image "./ordericivitalis02deligoog/ordericivitalis02deligoog_0130.png"; bbox 0 0 2916 4958; ppageno 0'>
   <div class='ocr_carea' id='block_1_1' title="bbox 192 410 1299 2511">
    <p class='ocr_par' dir='ltr' id='par_1_1' title="bbox 192 410 1299 2158">
     <span class='ocr_line' id='line_1_1' title="bbox 194 410 974 494; baseline -0.009 -2"><span class='ocrx_word' id='word_1_1' title='bbox 194 432 253 494; x_wconf 81' lang='lat' dir='ltr'><strong>uc</strong></span> <span class='ocrx_word' id='word_1_2' title='bbox 466 427 648 490; x_wconf 80' lang='lat' dir='ltr'><strong>ursrours</strong></span> <span class='ocrx_word' id='word_1_3' title='bbox 670 410 974 488; x_wconf 75' lang='lat' dir='ltr'><strong>sccunsus&#39;rrcs.</strong></span> 
     </span>
     <span class='ocr_line' id='line_1_2' title="bbox 192 538 1261 648; baseline 0.002 -25"><span class='ocrx_word' id='word_1_4' title='bbox 192 543 435 623; x_wconf 65' lang='lat' dir='ltr'><strong>adisctimin&#39;e</strong></span> <span class='ocrx_word' id='word_1_5' title='bbox 452 545 599 621; x_wconf 86' lang='lat' dir='ltr'><strong>liberata</strong></span> <span class='ocrx_word' id='word_1_6' title='bbox 617 561 682 621; x_wconf 85' lang='lat' dir='ltr'><strong>est.</strong></span> <span class='ocrx_word' id='word_1_7' title='bbox 703 547 868 648; x_wconf 81' lang='lat' dir='ltr'><strong>Impietas</strong></span> <span class='ocrx_word' id='word_1_8' title='bbox 884 545 1035 619; x_wconf 81' lang='lat' dir='ltr'><strong>Arriana</strong></span> <span class='ocrx_word' id='word_1_9' title='bbox 1054 538 1261 625; x_wconf 81' lang='lat' dir='ltr'><strong>Constantii</strong></span> 
     </span>
     <span class='ocr_line' id='line_1_3' title="bbox 193 662 1261 767; baseline 0.002 -27"><span class='ocrx_word' id='word_1_10' title='bbox 193 664 286 767; x_wconf 81' lang='lat' dir='ltr'><strong>regis</strong></span> <span class='ocrx_word' id='word_1_11' title='bbox 307 665 398 739; x_wconf 86' lang='lat' dir='ltr'><strong>fulta</strong></span> <span class='ocrx_word' id='word_1_12' title='bbox 415 664 604 764; x_wconf 85' lang='lat' dir='ltr'><strong>praesidio,</strong></span> <span class='ocrx_word' id='word_1_13' title='bbox 624 662 757 752; x_wconf 83' lang='lat' dir='ltr'><strong>exiliis,</strong></span> <span class='ocrx_word' id='word_1_14' title='bbox 781 663 1003 754; x_wconf 81' lang='lat' dir='ltr'><strong>carceribus,</strong></span> <span class='ocrx_word' id='word_1_15' title='bbox 1024 677 1061 738; x_wconf 89' lang='lat' dir='ltr'><strong>et</strong></span> <span class='ocrx_word' id='word_1_16' title='bbox 1080 665 1187 740; x_wconf 87' lang='lat' dir='ltr'><strong>variis</strong></span> <span class='ocrx_word' id='word_1_17' title='bbox 1202 664 1261 741; x_wconf 68' lang='lat' dir='ltr'><strong>tl*-</strong></span> 
     </span>
     <span class='ocr_line' id='line_1_4' title="bbox 193 777 1262 879; baseline 0.003 -27"><span class='ocrx_word' id='word_1_18' title='bbox 193 780 399 854; x_wconf 84' lang='lat' dir='ltr'><strong>llictiouum</strong></span> <span class='ocrx_word' id='word_1_19' title='bbox 420 777 556 867; x_wconf 90' lang='lat' dir='ltr'><strong>modis,</strong></span> <span class='ocrx_word' id='word_1_20' title='bbox 576 778 736 879; x_wconf 91' lang='lat' dir='ltr'><strong>primum</strong></span> <span class='ocrx_word' id='word_1_21' title='bbox 751 777 1006 868; x_wconf 84' lang='lat' dir='ltr'><strong>Athanasium,</strong></span> <span class='ocrx_word' id='word_1_22' title='bbox 1031 778 1160 854; x_wconf 87' lang='lat' dir='ltr'><strong>deinde</strong></span> <span class='ocrx_word' id='word_1_23' title='bbox 1175 805 1262 857; x_wconf 76' lang='lat' dir='ltr'><strong>om·-</strong></span> 
     </span>
     <span class='ocr_line' id='line_1_5' title="bbox 194 897 1262 996; baseline 0.002 -25"><span class='ocrx_word' id='word_1_24' title='bbox 194 922 359 992; x_wconf 10' lang='lat' dir='ltr'><strong>nespnon</strong></span> <span class='ocrx_word' id='word_1_25' title='bbox 389 922 462 970; x_wconf 86' lang='lat' dir='ltr'><strong>suae</strong></span> <span class='ocrx_word' id='word_1_26' title='bbox 491 897 602 996; x_wconf 88' lang='lat' dir='ltr'><strong>partis</strong></span> <span class='ocrx_word' id='word_1_27' title='bbox 628 897 812 995; x_wconf 90' lang='lat' dir='ltr'><strong>episcopos</strong></span> <span class='ocrx_word' id='word_1_28' title='bbox 832 912 1016 996; x_wconf 86' lang='lat' dir='ltr'><strong>persecuta</strong></span> <span class='ocrx_word' id='word_1_29' title='bbox 1043 913 1109 972; x_wconf 87' lang='lat' dir='ltr'><strong>est.</strong></span> <span class='ocrx_word' id='word_1_30' title='bbox 1139 898 1262 973; x_wconf 82' lang='lat' dir='ltr'><strong>Maxi·</strong></span> 
     </span>
     <span class='ocr_line' id='line_1_6' title="bbox 193 1009 1261 1116; baseline 0.004 -30"><span class='ocrx_word' id='word_1_31' title='bbox 193 1014 314 1086; x_wconf 90' lang='lat' dir='ltr'><strong>minus</strong></span> <span class='ocrx_word' id='word_1_32' title='bbox 332 1012 575 1086; x_wconf 85' lang='lat' dir='ltr'><strong>Treverorum</strong></span> <span class='ocrx_word' id='word_1_33' title='bbox 602 1012 788 1112; x_wconf 85' lang='lat' dir='ltr'><strong>episcopus</strong></span> <span class='ocrx_word' id='word_1_34' title='bbox 812 1011 928 1084; x_wconf 91' lang='lat' dir='ltr'><strong>clarus</strong></span> <span class='ocrx_word' id='word_1_35' title='bbox 949 1009 1118 1101; x_wconf 86' lang='lat' dir='ltr'><strong>babetur;</strong></span> <span class='ocrx_word' id='word_1_36' title='bbox 1144 1038 1261 1116; x_wconf 86' lang='lat' dir='ltr'><strong>aquo</strong></span> 
     </span>
     <span class='ocr_line' id='line_1_7' title="bbox 193 1128 1262 1229; baseline 0.007 -28"><span class='ocrx_word' id='word_1_37' title='bbox 193 1129 407 1202; x_wconf 82' lang='lat' dir='ltr'><strong>Athanasius</strong></span> <span class='ocrx_word' id='word_1_38' title='bbox 426 1128 651 1202; x_wconf 84' lang='lat' dir='ltr'><strong>Alexandriae</strong></span> <span class='ocrx_word' id='word_1_39' title='bbox 673 1129 878 1229; x_wconf 89' lang='lat' dir='ltr'><strong>episcopus,</strong></span> <span class='ocrx_word' id='word_1_40' title='bbox 903 1156 985 1202; x_wconf 93' lang='lat' dir='ltr'><strong>cum</strong></span> <span class='ocrx_word' id='word_1_41' title='bbox 1006 1131 1262 1208; x_wconf 78' lang='lat' dir='ltr'><strong>a&#39;Constantio</strong></span> 
     </span>
     <span class='ocr_line' id='line_1_8' title="bbox 194 1243 1262 1347; baseline 0.006 -31"><span class='ocrx_word' id='word_1_42' title='bbox 194 1259 420 1344; x_wconf 82' lang='lat' dir='ltr'><strong>quaereretur</strong></span> <span class='ocrx_word' id='word_1_43' title='bbox 435 1243 479 1315; x_wconf 91' lang='lat' dir='ltr'><strong>ad</strong></span> <span class='ocrx_word' id='word_1_44' title='bbox 496 1269 663 1344; x_wconf 90' lang='lat' dir='ltr'><strong>poenam,</strong></span> <span class='ocrx_word' id='word_1_45' title='bbox 686 1244 885 1319; x_wconf 86' lang='lat' dir='ltr'><strong>honorifice</strong></span> <span class='ocrx_word' id='word_1_46' title='bbox 902 1261 1084 1347; x_wconf 90' lang='lat' dir='ltr'><strong>susceptus</strong></span> <span class='ocrx_word' id='word_1_47' title='bbox 1100 1262 1168 1321; x_wconf 90' lang='lat' dir='ltr'><strong>est.</strong></span> <span class='ocrx_word' id='word_1_48' title='bbox 1187 1247 1262 1323; x_wconf 83' lang='lat' dir='ltr'><strong>An·</strong></span> 
     </span>
     <span class='ocr_line' id='line_1_9' title="bbox 195 1357 1262 1461; baseline 0.007 -30"><span class='ocrx_word' id='word_1_49' title='bbox 195 1362 317 1434; x_wconf 90' lang='lat' dir='ltr'><strong>tonius</strong></span> <span class='ocrx_word' id='word_1_50' title='bbox 330 1357 527 1433; x_wconf 88' lang='lat' dir='ltr'><strong>monachus</strong></span> <span class='ocrx_word' id='word_1_51' title='bbox 544 1360 739 1434; x_wconf 88' lang='lat' dir='ltr'><strong>centesimo</strong></span> <span class='ocrx_word' id='word_1_52' title='bbox 751 1361 882 1461; x_wconf 86' lang='lat' dir='ltr'><strong>quinto</strong></span> <span class='ocrx_word' id='word_1_53' title='bbox 897 1363 1011 1434; x_wconf 78' lang='lat' dir='ltr'><strong>aetaus</strong></span> <span class='ocrx_word' id='word_1_54' title='bbox 1026 1389 1099 1436; x_wconf 87' lang='lat' dir='ltr'><strong>suae</strong></span> <span class='ocrx_word' id='word_1_55' title='bbox 1111 1390 1210 1439; x_wconf 91' lang='lat' dir='ltr'><strong>anno</strong></span> <span class='ocrx_word' id='word_1_56' title='bbox 1224 1366 1262 1439; x_wconf 93' lang='lat' dir='ltr'><strong>in</strong></span> 
     </span>
     <span class='ocr_line' id='line_1_10' title="bbox 195 1476 1262 1579; baseline 0.005 -28"><span class='ocrx_word' id='word_1_57' title='bbox 195 1503 317 1551; x_wconf 90' lang='lat' dir='ltr'><strong>eremo</strong></span> <span class='ocrx_word' id='word_1_58' title='bbox 349 1476 519 1550; x_wconf 91' lang='lat' dir='ltr'><strong>moritur.</strong></span> <span class='ocrx_word' id='word_1_59' title='bbox 552 1476 765 1549; x_wconf 86' lang='lat' dir='ltr'><strong>Constantio</strong></span> <span class='ocrx_word' id='word_1_60' title='bbox 790 1477 944 1550; x_wconf 86' lang='lat' dir='ltr'><strong>Romam</strong></span> <span class='ocrx_word' id='word_1_61' title='bbox 976 1479 1158 1579; x_wconf 78' lang='lat' dir='ltr'><strong>ingresso,</strong></span> <span class='ocrx_word' id='word_1_62' title='bbox 1186 1506 1262 1556; x_wconf 81' lang='lat' dir='ltr'><strong>ossa</strong></span> 
     </span>
     <span class='ocr_line' id='line_1_11' title="bbox 195 1592 1262 1694; baseline 0.01 -30"><span class='ocrx_word' id='word_1_63' title='bbox 195 1593 350 1666; x_wconf 85' lang='lat' dir='ltr'><strong>Andreae</strong></span> <span class='ocrx_word' id='word_1_64' title='bbox 367 1592 518 1691; x_wconf 87' lang='lat' dir='ltr'><strong>apostoli</strong></span> <span class='ocrx_word' id='word_1_65' title='bbox 534 1607 573 1667; x_wconf 50' lang='lat' dir='ltr'><strong>*et</strong></span> <span class='ocrx_word' id='word_1_66' title='bbox 589 1594 696 1665; x_wconf 84' lang='lat' dir='ltr'><strong>Lucae</strong></span> <span class='ocrx_word' id='word_1_67' title='bbox 717 1592 942 1694; x_wconf 80' lang='lat' dir='ltr'><strong>evangelistae</strong></span> <span class='ocrx_word' id='word_1_68' title='bbox 963 1622 983 1667; x_wconf 89' lang='lat' dir='ltr'><strong>a</strong></span> <span class='ocrx_word' id='word_1_69' title='bbox 999 1595 1262 1674; x_wconf 69' lang='lat' dir='ltr'><strong>Constantino*-</strong></span> 
     </span>
     <span class='ocr_line' id='line_1_12' title="bbox 195 1709 1299 1809; baseline 0.006 -27"><span class='ocrx_word' id='word_1_70' title='bbox 195 1710 366 1809; x_wconf 90' lang='lat' dir='ltr'><strong>politanis</strong></span> <span class='ocrx_word' id='word_1_71' title='bbox 388 1710 483 1784; x_wconf 93' lang='lat' dir='ltr'><strong>miro</strong></span> <span class='ocrx_word' id='word_1_72' title='bbox 509 1709 632 1781; x_wconf 86' lang='lat' dir='ltr'><strong>favore</strong></span> <span class='ocrx_word' id='word_1_73' title='bbox 651 1710 847 1808; x_wconf 89' lang='lat' dir='ltr'><strong>suscepta].</strong></span> <span class='ocrx_word' id='word_1_74' title='bbox 869 1709 1025 1783; x_wconf 85' lang='lat' dir='ltr'><strong>Hilarius</strong></span> <span class='ocrx_word' id='word_1_75' title='bbox 1048 1713 1263 1789; x_wconf 83' lang='lat' dir='ltr'><strong>Pictaveusis</strong></span> <span class='ocrx_word' id='word_1_76' title='bbox 1294 1779 1299 1795; x_wconf 84' lang='grc'><em>,</em></span> 
     </span>
     <span class='ocr_line' id='line_1_13' title="bbox 196 1822 1261 1927; baseline 0.005 -28"><span class='ocrx_word' id='word_1_77' title='bbox 196 1826 395 1925; x_wconf 87' lang='lat' dir='ltr'><strong>episcopus,</strong></span> <span class='ocrx_word' id='word_1_78' title='bbox 404 1824 467 1923; x_wconf 92' lang='lat' dir='ltr'><strong>qui</strong></span> <span class='ocrx_word' id='word_1_79' title='bbox 476 1823 599 1923; x_wconf 90' lang='lat' dir='ltr'><strong>pulsus</strong></span> <span class='ocrx_word' id='word_1_80' title='bbox 609 1822 823 1897; x_wconf 84' lang='lat' dir='ltr'><strong>abArrianis</strong></span> <span class='ocrx_word' id='word_1_81' title='bbox 835 1825 871 1897; x_wconf 93' lang='lat' dir='ltr'><strong>in</strong></span> <span class='ocrx_word' id='word_1_82' title='bbox 880 1824 1035 1927; x_wconf 81' lang='lat' dir='ltr'><strong>Phrygia</strong></span> <span class='ocrx_word' id='word_1_83' title='bbox 1044 1828 1261 1917; x_wconf 68' lang='lat' dir='ltr'><strong>exulaverat,</strong></span> 
     </span>
     <span class='ocr_line' id='line_1_14' title="bbox 198 1940 1265 2043; baseline 0.006 -30"><span class='ocrx_word' id='word_1_84' title='bbox 198 1969 280 2015; x_wconf 92' lang='lat' dir='ltr'><strong>cum</strong></span> <span class='ocrx_word' id='word_1_85' title='bbox 297 1940 392 2040; x_wconf 91' lang='lat' dir='ltr'><strong>apud</strong></span> <span class='ocrx_word' id='word_1_86' title='bbox 404 1940 759 2039; x_wconf 78' lang='lat' dir='ltr'><strong>Constantinopolim</strong></span> <span class='ocrx_word' id='word_1_87' title='bbox 776 1940 927 2041; x_wconf 86' lang='lat' dir='ltr'><strong>librum]</strong></span> <span class='ocrx_word' id='word_1_88' title='bbox 941 1968 1011 2043; x_wconf 90' lang='lat' dir='ltr'><strong>pro</strong></span> <span class='ocrx_word' id='word_1_89' title='bbox 1022 1970 1058 2019; x_wconf 88' lang='lat' dir='ltr'><strong>se</strong></span> <span class='ocrx_word' id='word_1_90' title='bbox 1073 1945 1265 2043; x_wconf 68' lang='lat' dir='ltr'><strong>[Constanb</strong></span> 
     </span>
     <span class='ocr_line' id='line_1_15' title="bbox 198 2055 949 2158; baseline 0.003 -28"><span class='ocrx_word' id='word_1_91' title='bbox 198 2059 253 2132; x_wconf 89' lang='lat' dir='ltr'><strong>tio</strong></span> <span class='ocrx_word' id='word_1_92' title='bbox 268 2057 501 2157; x_wconf 81' lang='lat' dir='ltr'><strong>porrexisset,</strong></span> <span class='ocrx_word' id='word_1_93' title='bbox 521 2055 565 2128; x_wconf 91' lang='lat' dir='ltr'><strong>ad</strong></span> <span class='ocrx_word' id='word_1_94' title='bbox 581 2056 711 2129; x_wconf 89' lang='lat' dir='ltr'><strong>Gallias</strong></span> <span class='ocrx_word' id='word_1_95' title='bbox 728 2058 835 2130; x_wconf 87' lang='lat' dir='ltr'><strong>rediit</strong></span> <span class='ocrx_word' id='word_1_96' title='bbox 854 2061 870 2157; x_wconf 91' lang='lat'>(</span> <span class='ocrx_word' id='word_1_97' title='bbox 893 2059 949 2158; x_wconf 89' lang='lat'><strong>)].</strong></span> 
     </span>
    </p>

    <p class='ocr_par' dir='ltr' id='par_1_2' title="bbox 201 2175 1266 2511">
     <span class='ocr_line' id='line_1_16' title="bbox 238 2175 1265 2279; baseline 0.008 -31"><span class='ocrx_word' id='word_1_98' title='bbox 238 2175 409 2248; x_wconf 47' lang='lat' dir='ltr'><strong>*Julianus</strong></span> <span class='ocrx_word' id='word_1_99' title='bbox 430 2198 544 2246; x_wconf 89' lang='lat' dir='ltr'><strong>annos</strong></span> <span class='ocrx_word' id='word_1_100' title='bbox 572 2199 598 2244; x_wconf 90' lang='lat' dir='ltr'><strong>u</strong></span> <span class='ocrx_word' id='word_1_101' title='bbox 622 2200 761 2249; x_wconf 88' lang='lat' dir='ltr'><strong>menses</strong></span> <span class='ocrx_word' id='word_1_102' title='bbox 776 2185 867 2248; x_wconf 72' lang='lat' dir='ltr'><strong>nu.</strong></span> <span class='ocrx_word' id='word_1_103' title='bbox 894 2178 961 2250; x_wconf 88' lang='lat' dir='ltr'><strong>llic</strong></span> <span class='ocrx_word' id='word_1_104' title='bbox 986 2176 1205 2279; x_wconf 85' lang='lat' dir='ltr'><strong>baptizatus,</strong></span> <span class='ocrx_word' id='word_1_105' title='bbox 1230 2195 1265 2256; x_wconf 86' lang='lat' dir='ltr'><strong>et</strong></span> 
     </span>
     <span class='ocr_line' id='line_1_17' title="bbox 201 2287 1262 2390; baseline 0.004 -25"><span class='ocrx_word' id='word_1_106' title='bbox 201 2291 306 2365; x_wconf 87' lang='lat' dir='ltr'><strong>sacris</strong></span> <span class='ocrx_word' id='word_1_107' title='bbox 321 2287 510 2363; x_wconf 84' lang='lat' dir='ltr'><strong>ordinibus</strong></span> <span class='ocrx_word' id='word_1_108' title='bbox 522 2313 635 2390; x_wconf 89' lang='lat' dir='ltr'><strong>usque</strong></span> <span class='ocrx_word' id='word_1_109' title='bbox 650 2289 693 2362; x_wconf 92' lang='lat' dir='ltr'><strong>ad</strong></span> <span class='ocrx_word' id='word_1_110' title='bbox 705 2289 934 2365; x_wconf 86' lang='lat' dir='ltr'><strong>diaconatum</strong></span> <span class='ocrx_word' id='word_1_111' title='bbox 948 2292 1159 2367; x_wconf 90' lang='lat' dir='ltr'><strong>sublimatus</strong></span> <span class='ocrx_word' id='word_1_112' title='bbox 1169 2295 1262 2386; x_wconf 72' lang='lat' dir='ltr'><strong>&#39;suit3</strong></span> 
     </span>
     <span class='ocr_line' id='line_1_18' title="bbox 202 2403 1266 2511; baseline 0.007 -33"><span class='ocrx_word' id='word_1_113' title='bbox 202 2405 264 2480; x_wconf 86' lang='lat' dir='ltr'><strong>scd</strong></span> <span class='ocrx_word' id='word_1_114' title='bbox 283 2404 411 2478; x_wconf 92' lang='lat' dir='ltr'><strong>relicto</strong></span> <span class='ocrx_word' id='word_1_115' title='bbox 435 2403 624 2493; x_wconf 82' lang='lat' dir='ltr'><strong>clericatu,</strong></span> <span class='ocrx_word' id='word_1_116' title='bbox 649 2431 746 2477; x_wconf 87' lang='lat' dir='ltr'><strong>arma</strong></span> <span class='ocrx_word' id='word_1_117' title='bbox 769 2406 931 2497; x_wconf 83' lang='lat' dir='ltr'><strong>sustulit,</strong></span> <span class='ocrx_word' id='word_1_118' title='bbox 960 2409 1184 2511; x_wconf 85' lang='lat' dir='ltr'><strong>imperioque</strong></span> <span class='ocrx_word' id='word_1_119' title='bbox 1208 2436 1266 2484; x_wconf 86' lang='lat' dir='ltr'><strong>ar-</strong></span> 
     </span>
    </p>
   </div>
   <div class='ocr_carea' id='block_1_2' title="bbox 201 2519 1266 2628">
    <p class='ocr_par' dir='ltr' id='par_1_3' title="bbox 201 2519 1266 2628">
     <span class='ocr_line' id='line_1_19' title="bbox 201 2519 1266 2628; baseline 0.006 -32"><span class='ocrx_word' id='word_1_120' title='bbox 201 2535 324 2621; x_wconf 86' lang='lat' dir='ltr'><strong>repto,</strong></span> <span class='ocrx_word' id='word_1_121' title='bbox 338 2521 382 2593; x_wconf 91' lang='lat' dir='ltr'><strong>ad</strong></span> <span class='ocrx_word' id='word_1_122' title='bbox 395 2519 729 2594; x_wconf 80' lang='lat' dir='ltr'><strong>idolorumcuttum</strong></span> <span class='ocrx_word' id='word_1_123' title='bbox 743 2549 935 2599; x_wconf 80' lang='lat' dir='ltr'><strong>conversus</strong></span> <span class='ocrx_word' id='word_1_124' title='bbox 948 2525 1168 2601; x_wconf 86' lang='lat' dir='ltr'><strong>Christianos</strong></span> <span class='ocrx_word' id='word_1_125' title='bbox 1185 2547 1266 2628; x_wconf 83' lang='lat' dir='ltr'><strong>per-</strong></span> 
     </span>
    </p>
   </div>
   <div class='ocr_carea' id='block_1_3' title="bbox 119 2833 1271 4077">
    <p class='ocr_par' dir='ltr' id='par_1_4' title="bbox 119 2833 1271 4077">
     <span class='ocr_line' id='line_1_20' title="bbox 237 2833 1268 2924; baseline 0.014 -33"><span class='ocrx_word' id='word_1_126' title='bbox 237 2841 276 2910; x_wconf 85' lang='grc' dir='ltr'><strong>(ι)</strong></span> <span class='ocrx_word' id='word_1_127' title='bbox 294 2841 327 2912; x_wconf 83' lang='grc'><strong>(9</strong></span> <span class='ocrx_word' id='word_1_128' title='bbox 341 2836 496 2911; x_wconf 87' lang='lat' dir='ltr'><strong>septembre</strong></span> <span class='ocrx_word' id='word_1_129' title='bbox 511 2833 597 2910; x_wconf 59' lang='lat'><strong>3373</strong></span> <span class='ocrx_word' id='word_1_130' title='bbox 614 2837 761 2892; x_wconf 85' lang='lat' dir='ltr'><strong>novembre</strong></span> <span class='ocrx_word' id='word_1_131' title='bbox 779 2836 851 2912; x_wconf 82' lang='lat'>361).</span> <span class='ocrx_word' id='word_1_132' title='bbox 870 2841 949 2897; x_wconf 89' lang='lat' dir='ltr'><strong>Saint</strong></span> <span class='ocrx_word' id='word_1_133' title='bbox 964 2845 1094 2918; x_wconf 85' lang='lat' dir='ltr'><strong>Jacques,</strong></span> <span class='ocrx_word' id='word_1_134' title='bbox 1112 2848 1218 2924; x_wconf 67' lang='lat' dir='ltr'><strong>cneque</strong></span> <span class='ocrx_word' id='word_1_135' title='bbox 1232 2849 1268 2905; x_wconf 82' lang='lat' dir='ltr'><strong>de</strong></span> 
     </span>
     <span class='ocr_line' id='line_1_21' title="bbox 202 2927 1268 3014; baseline 0.009 -29"><span class='ocrx_word' id='word_1_136' title='bbox 202 2929 311 2998; x_wconf 63' lang='lat' dir='ltr'><strong>Niobe,</strong></span> <span class='ocrx_word' id='word_1_137' title='bbox 326 2931 452 3003; x_wconf 76' lang='lat' dir='ltr'><strong>preserve</strong></span> <span class='ocrx_word' id='word_1_138' title='bbox 464 2928 532 3000; x_wconf 77' lang='lat' dir='ltr'><strong>trois</strong></span> <span class='ocrx_word' id='word_1_139' title='bbox 544 2927 610 2995; x_wconf 84' lang='lat' dir='ltr'><strong>lois,</strong></span> <span class='ocrx_word' id='word_1_140' title='bbox 625 2946 676 3000; x_wconf 88' lang='lat' dir='ltr'><strong>par</strong></span> <span class='ocrx_word' id='word_1_141' title='bbox 688 2945 730 2983; x_wconf 87' lang='lat' dir='ltr'><strong>ses</strong></span> <span class='ocrx_word' id='word_1_142' title='bbox 743 2930 859 3001; x_wconf 74' lang='lat' dir='ltr'><strong>prieres,</strong></span> <span class='ocrx_word' id='word_1_143' title='bbox 874 2942 945 2987; x_wconf 84' lang='lat' dir='ltr'><strong>cette</strong></span> <span class='ocrx_word' id='word_1_144' title='bbox 957 2933 1020 2990; x_wconf 85' lang='lat' dir='ltr'><strong>ville</strong></span> <span class='ocrx_word' id='word_1_145' title='bbox 1030 2935 1117 2991; x_wconf 74' lang='lat' dir='ltr'><strong>‹t‘etoe</strong></span> <span class='ocrx_word' id='word_1_146' title='bbox 1130 2939 1206 3011; x_wconf 87' lang='lat' dir='ltr'><strong>prise</strong></span> <span class='ocrx_word' id='word_1_147' title='bbox 1217 2959 1268 3014; x_wconf 85' lang='lat' dir='ltr'><strong>par</strong></span> 
     </span>
     <span class='ocr_line' id='line_1_22' title="bbox 202 3014 1268 3095; baseline 0.012 -21"><span class='ocrx_word' id='word_1_148' title='bbox 202 3023 299 3095; x_wconf 85' lang='lat' dir='ltr'><strong>Sapor,</strong></span> <span class='ocrx_word' id='word_1_149' title='bbox 314 3038 350 3074; x_wconf 88' lang='lat' dir='ltr'><strong>en</strong></span> <span class='ocrx_word' id='word_1_150' title='bbox 363 3016 428 3083; x_wconf 77' lang='lat'><strong>538,</strong></span> <span class='ocrx_word' id='word_1_151' title='bbox 443 3014 496 3083; x_wconf 72' lang='lat'><strong>346</strong></span> <span class='ocrx_word' id='word_1_152' title='bbox 507 3027 536 3072; x_wconf 87' lang='lat' dir='ltr'><strong>et</strong></span> <span class='ocrx_word' id='word_1_153' title='bbox 549 3014 610 3072; x_wconf 66' lang='lat' dir='ltr'><strong>sto.</strong></span> <span class='ocrx_word' id='word_1_154' title='bbox 627 3017 665 3072; x_wconf 77' lang='lat' dir='ltr'><strong>ba</strong></span> <span class='ocrx_word' id='word_1_155' title='bbox 680 3017 831 3093; x_wconf 78' lang='lat' dir='ltr'><strong>relegation</strong></span> <span class='ocrx_word' id='word_1_156' title='bbox 851 3021 886 3076; x_wconf 90' lang='lat' dir='ltr'><strong>de</strong></span> <span class='ocrx_word' id='word_1_157' title='bbox 902 3023 973 3077; x_wconf 83' lang='lat' dir='ltr'><strong>saint</strong></span> <span class='ocrx_word' id='word_1_158' title='bbox 988 3025 1128 3083; x_wconf 81' lang='lat' dir='ltr'><strong>Athanase</strong></span> <span class='ocrx_word' id='word_1_159' title='bbox 1138 3031 1155 3083; x_wconf 89' lang='lat' dir='ltr'><strong>&#39;a</strong></span> <span class='ocrx_word' id='word_1_160' title='bbox 1165 3029 1268 3088; x_wconf 61' lang='lat' dir='ltr'><strong>Ttbves</strong></span> 
     </span>
     <span class='ocr_line' id='line_1_23' title="bbox 202 3106 1268 3194; baseline 0.008 -27"><span class='ocrx_word' id='word_1_161' title='bbox 202 3121 245 3167; x_wconf 84' lang='lat' dir='ltr'><strong>est</strong></span> <span class='ocrx_word' id='word_1_162' title='bbox 257 3109 292 3165; x_wconf 91' lang='lat' dir='ltr'><strong>de</strong></span> <span class='ocrx_word' id='word_1_163' title='bbox 303 3106 369 3176; x_wconf 63' lang='lat'><strong>535,</strong></span> <span class='ocrx_word' id='word_1_164' title='bbox 381 3115 414 3162; x_wconf 83' lang='lat' dir='ltr'><strong>&#39;et</strong></span> <span class='ocrx_word' id='word_1_165' title='bbox 425 3124 475 3180; x_wconf 89' lang='lat' dir='ltr'><strong>par</strong></span> <span class='ocrx_word' id='word_1_166' title='bbox 486 3109 656 3180; x_wconf 78' lang='lat' dir='ltr'><strong>consequent</strong></span> <span class='ocrx_word' id='word_1_167' title='bbox 668 3107 707 3162; x_wconf 89' lang='lat' dir='ltr'><strong>‹ln</strong></span> <span class='ocrx_word' id='word_1_168' title='bbox 720 3110 805 3181; x_wconf 75' lang='lat' dir='ltr'><strong>regne</strong></span> <span class='ocrx_word' id='word_1_169' title='bbox 822 3107 857 3163; x_wconf 88' lang='lat' dir='ltr'><strong>de</strong></span> <span class='ocrx_word' id='word_1_170' title='bbox 874 3111 1052 3182; x_wconf 68' lang='lat' dir='ltr'><strong>Constantio,</strong></span> <span class='ocrx_word' id='word_1_171' title='bbox 1069 3114 1122 3171; x_wconf 90' lang='lat' dir='ltr'><strong>elle</strong></span> <span class='ocrx_word' id='word_1_172' title='bbox 1134 3128 1185 3174; x_wconf 87' lang='lat' dir='ltr'><strong>eut</strong></span> <span class='ocrx_word' id='word_1_173' title='bbox 1197 3138 1268 3194; x_wconf 88' lang='lat' dir='ltr'><strong>pour</strong></span> 
     </span>
     <span class='ocr_line' id='line_1_24' title="bbox 203 3190 1267 3282; baseline 0.008 -27"><span class='ocrx_word' id='word_1_174' title='bbox 203 3218 283 3256; x_wconf 81' lang='lat' dir='ltr'><strong>cause</strong></span> <span class='ocrx_word' id='word_1_175' title='bbox 298 3215 354 3254; x_wconf 90' lang='lat' dir='ltr'><strong>une</strong></span> <span class='ocrx_word' id='word_1_176' title='bbox 370 3190 717 3271; x_wconf 77' lang='lat' dir='ltr'><strong>denunciation&#39;politique</strong></span> <span class='ocrx_word' id='word_1_177' title='bbox 730 3197 779 3252; x_wconf 89' lang='lat' dir='ltr'><strong>des</strong></span> <span class='ocrx_word' id='word_1_178' title='bbox 794 3199 942 3256; x_wconf 80' lang='lat' dir='ltr'><strong>Eusebieus</strong></span> <span class='ocrx_word' id='word_1_179' title='bbox 954 3204 1053 3276; x_wconf 67' lang='lat' dir='ltr'><strong>aupses</strong></span> <span class='ocrx_word' id='word_1_180' title='bbox 1066 3203 1101 3260; x_wconf 89' lang='lat' dir='ltr'><strong>de</strong></span> <span class='ocrx_word' id='word_1_181' title='bbox 1113 3225 1145 3262; x_wconf 90' lang='lat' dir='ltr'><strong>ce</strong></span> <span class='ocrx_word' id='word_1_182' title='bbox 1156 3210 1267 3282; x_wconf 78' lang='lat' dir='ltr'><strong>priuos,</strong></span> 
     </span>
     <span class='ocr_line' id='line_1_25' title="bbox 119 3285 1270 3374; baseline 0.008 -28"><span class='ocrx_word' id='word_1_183' title='bbox 119 3288 125 3313; x_wconf 79' lang='lat'>¹</span> <span class='ocrx_word' id='word_1_184' title='bbox 203 3303 232 3346; x_wconf 86' lang='lat' dir='ltr'><strong>et</strong></span> <span class='ocrx_word' id='word_1_185' title='bbox 241 3308 297 3346; x_wconf 89' lang='lat' dir='ltr'><strong>non</strong></span> <span class='ocrx_word' id='word_1_186' title='bbox 308 3307 348 3344; x_wconf 88' lang='lat' dir='ltr'><strong>un</strong></span> <span class='ocrx_word' id='word_1_187' title='bbox 361 3285 487 3360; x_wconf 68' lang='lat' dir='ltr'><strong>point&#39;de</strong></span> <span class='ocrx_word' id='word_1_188' title='bbox 498 3286 633 3343; x_wconf 85' lang='lat' dir='ltr'><strong>doctrine.</strong></span> <span class='ocrx_word' id='word_1_189' title='bbox 648 3288 699 3342; x_wconf 85' lang='lat' dir='ltr'><strong>Les</strong></span> <span class='ocrx_word' id='word_1_190' title='bbox 711 3289 907 3363; x_wconf 80' lang='lat' dir='ltr'><strong>perquisitione</strong></span> <span class='ocrx_word' id='word_1_191' title='bbox 919 3296 1045 3349; x_wconf 76' lang='lat' dir='ltr'><strong>exercees</strong></span> <span class='ocrx_word' id='word_1_192' title='bbox 1056 3307 1153 3353; x_wconf 86' lang='lat' dir='ltr'><strong>contre</strong></span> <span class='ocrx_word' id='word_1_193' title='bbox 1167 3297 1207 3355; x_wconf 90' lang='lat' dir='ltr'><strong>lui</strong></span> <span class='ocrx_word' id='word_1_194' title='bbox 1221 3314 1270 3374; x_wconf 83' lang='lat' dir='ltr'><strong>par</strong></span> 
     </span>
     <span class='ocr_line' id='line_1_26' title="bbox 203 3376 1269 3461; baseline 0.01 -25"><span class='ocrx_word' id='word_1_195' title='bbox 203 3380 287 3436; x_wconf 83' lang='lat' dir='ltr'><strong>ordre</strong></span> <span class='ocrx_word' id='word_1_196' title='bbox 295 3377 331 3434; x_wconf 86' lang='lat' dir='ltr'><strong>de</strong></span> <span class='ocrx_word' id='word_1_197' title='bbox 340 3378 494 3434; x_wconf 87' lang='lat' dir='ltr'><strong>Constance</strong></span> <span class='ocrx_word' id='word_1_198' title='bbox 507 3386 570 3431; x_wconf 92' lang='lat' dir='ltr'><strong>sont</strong></span> <span class='ocrx_word' id='word_1_199' title='bbox 580 3376 646 3431; x_wconf 86' lang='lat' dir='ltr'><strong>bien</strong></span> <span class='ocrx_word' id='word_1_200' title='bbox 658 3379 856 3450; x_wconf 70' lang='lat' dir='ltr'><strong>posttrieures,</strong></span> <span class='ocrx_word' id='word_1_201' title='bbox 868 3390 897 3435; x_wconf 90' lang='lat' dir='ltr'><strong>et</strong></span> <span class='ocrx_word' id='word_1_202' title='bbox 907 3382 1033 3438; x_wconf 78' lang='lat' dir='ltr'><strong>n&#39;eurent</strong></span> <span class='ocrx_word' id='word_1_203' title='bbox 1045 3384 1101 3440; x_wconf 92' lang='lat' dir='ltr'><strong>lieu</strong></span> <span class='ocrx_word' id='word_1_204' title='bbox 1110 3387 1194 3461; x_wconf 86' lang='lat' dir='ltr'><strong>qu‘en</strong></span> <span class='ocrx_word' id='word_1_205' title='bbox 1206 3386 1269 3447; x_wconf 81' lang='lat'><strong>360.</strong></span> 
     </span>
     <span class='ocr_line' id='line_1_27' title="bbox 204 3466 1270 3550; baseline 0.011 -25"><span class='ocrx_word' id='word_1_206' title='bbox 204 3470 282 3527; x_wconf 88' lang='lat' dir='ltr'><strong>Saiut</strong></span> <span class='ocrx_word' id='word_1_207' title='bbox 294 3467 443 3534; x_wconf 82' lang='lat' dir='ltr'><strong>Maximin,</strong></span> <span class='ocrx_word' id='word_1_208' title='bbox 454 3467 603 3541; x_wconf 80' lang='lat' dir='ltr'><strong>originaire</strong></span> <span class='ocrx_word' id='word_1_209' title='bbox 619 3466 654 3522; x_wconf 83' lang='lat' dir='ltr'><strong>de</strong></span> <span class='ocrx_word' id='word_1_210' title='bbox 669 3466 725 3523; x_wconf 89' lang='lat' dir='ltr'><strong>Sile&#39;</strong></span> <span class='ocrx_word' id='word_1_211' title='bbox 737 3486 772 3523; x_wconf 93' lang='lat' dir='ltr'><strong>en</strong></span> <span class='ocrx_word' id='word_1_212' title='bbox 785 3469 902 3538; x_wconf 88' lang='lat' dir='ltr'><strong>Poitou,</strong></span> <span class='ocrx_word' id='word_1_213' title='bbox 921 3471 983 3544; x_wconf 74' lang='lat' dir='ltr'><strong>‹tejt</strong></span> <span class='ocrx_word' id='word_1_214' title='bbox 996 3475 1099 3550; x_wconf 69' lang='lat' dir='ltr'><strong>eaeque</strong></span> <span class='ocrx_word' id='word_1_215' title='bbox 1115 3476 1151 3532; x_wconf 89' lang='lat' dir='ltr'><strong>de</strong></span> <span class='ocrx_word' id='word_1_216' title='bbox 1167 3479 1270 3537; x_wconf 68' lang='lat' dir='ltr'><strong>&#39;freres</strong></span> 
     </span>
     <span class='ocr_line' id='line_1_28' title="bbox 205 3554 1270 3638; baseline 0.01 -26"><span class='ocrx_word' id='word_1_217' title='bbox 205 3554 299 3630; x_wconf 87' lang='lat' dir='ltr'><strong>quand</strong></span> <span class='ocrx_word' id='word_1_218' title='bbox 316 3555 337 3610; x_wconf 92' lang='lat' dir='ltr'><strong>il</strong></span> <span class='ocrx_word' id='word_1_219' title='bbox 354 3576 372 3628; x_wconf 89' lang='lat' dir='ltr'>y</span> <span class='ocrx_word' id='word_1_220' title='bbox 389 3564 467 3628; x_wconf 70' lang='lat' dir='ltr'><strong>ment</strong></span> <span class='ocrx_word' id='word_1_221' title='bbox 484 3555 728 3623; x_wconf 67' lang='lat' dir='ltr'><strong>sanctuarum,</strong></span> <span class='ocrx_word' id='word_1_222' title='bbox 746 3558 835 3629; x_wconf 74' lang='lat' dir='ltr'><strong>paruit</strong></span> <span class='ocrx_word' id='word_1_223' title='bbox 851 3557 910 3612; x_wconf 72' lang='lat' dir='ltr'><strong>etse</strong></span> <span class='ocrx_word' id='word_1_224' title='bbox 923 3571 998 3616; x_wconf 89' lang='lat' dir='ltr'><strong>mort</strong></span> <span class='ocrx_word' id='word_1_225' title='bbox 1017 3560 1043 3616; x_wconf 87' lang='lat' dir='ltr'><strong>le</strong></span> <span class='ocrx_word' id='word_1_226' title='bbox 1064 3580 1093 3617; x_wconf 81' lang='lat' dir='ltr'><strong>ra</strong></span> <span class='ocrx_word' id='word_1_227' title='bbox 1114 3566 1270 3638; x_wconf 71' lang='lat' dir='ltr'><strong>septembre</strong></span> 
     </span>
     <span class='ocr_line' id='line_1_29' title="bbox 205 3644 1271 3728; baseline 0.009 -26"><span class='ocrx_word' id='word_1_228' title='bbox 205 3645 273 3720; x_wconf 71' lang='lat'><strong>349,</strong></span> <span class='ocrx_word' id='word_1_229' title='bbox 292 3657 320 3701; x_wconf 94' lang='lat' dir='ltr'><strong>et</strong></span> <span class='ocrx_word' id='word_1_230' title='bbox 334 3646 405 3700; x_wconf 86' lang='lat' dir='ltr'><strong>saint</strong></span> <span class='ocrx_word' id='word_1_231' title='bbox 417 3645 536 3701; x_wconf 79' lang='lat' dir='ltr'><strong>Antoiue</strong></span> <span class='ocrx_word' id='word_1_232' title='bbox 554 3644 581 3700; x_wconf 91' lang='lat' dir='ltr'><strong>lc</strong></span> <span class='ocrx_word' id='word_1_233' title='bbox 597 3664 626 3722; x_wconf 85' lang='lat'><strong>¹7</strong></span> <span class='ocrx_word' id='word_1_234' title='bbox 637 3645 745 3717; x_wconf 88' lang='lat' dir='ltr'><strong>janvier</strong></span> <span class='ocrx_word' id='word_1_235' title='bbox 756 3644 818 3702; x_wconf 73' lang='lat'>556.</span> <span class='ocrx_word' id='word_1_236' title='bbox 838 3648 875 3702; x_wconf 88' lang='lat' dir='ltr'><strong>Le</strong></span> <span class='ocrx_word' id='word_1_237' title='bbox 888 3659 1028 3723; x_wconf 86' lang='lat' dir='ltr'><strong>transport</strong></span> <span class='ocrx_word' id='word_1_238' title='bbox 1042 3651 1091 3708; x_wconf 88' lang='lat' dir='ltr'><strong>des</strong></span> <span class='ocrx_word' id='word_1_239' title='bbox 1104 3653 1224 3728; x_wconf 85' lang='lat' dir='ltr'><strong>reliques</strong></span> <span class='ocrx_word' id='word_1_240' title='bbox 1234 3655 1271 3712; x_wconf 84' lang='lat' dir='ltr'><strong>de</strong></span> 
     </span>
     <span class='ocr_line' id='line_1_30' title="bbox 206 3732 1270 3810; baseline 0.01 -22"><span class='ocrx_word' id='word_1_241' title='bbox 206 3736 278 3789; x_wconf 88' lang='lat' dir='ltr'><strong>saint</strong></span> <span class='ocrx_word' id='word_1_242' title='bbox 289 3732 385 3789; x_wconf 77' lang='lat' dir='ltr'><strong>Andre</strong></span> <span class='ocrx_word' id='word_1_243' title='bbox 402 3743 430 3787; x_wconf 94' lang='lat' dir='ltr'><strong>et</strong></span> <span class='ocrx_word' id='word_1_244' title='bbox 443 3733 514 3787; x_wconf 88' lang='lat' dir='ltr'><strong>saint</strong></span> <span class='ocrx_word' id='word_1_245' title='bbox 530 3735 586 3788; x_wconf 92' lang='lat' dir='ltr'><strong>Luc</strong></span> <span class='ocrx_word' id='word_1_246' title='bbox 603 3737 618 3787; x_wconf 79' lang='lat' dir='ltr'><strong>ai</strong></span> <span class='ocrx_word' id='word_1_247' title='bbox 634 3734 864 3809; x_wconf 87' lang='lat' dir='ltr'><strong>Constantinople</strong></span> <span class='ocrx_word' id='word_1_248' title='bbox 876 3735 921 3791; x_wconf 83' lang='lat' dir='ltr'><strong>sut</strong></span> <span class='ocrx_word' id='word_1_249' title='bbox 934 3741 1018 3810; x_wconf 78' lang='lat' dir='ltr'><strong>opere</strong></span> <span class='ocrx_word' id='word_1_250' title='bbox 1030 3739 1086 3796; x_wconf 71' lang='lat' dir='ltr'><strong>tet</strong></span> <span class='ocrx_word' id='word_1_251' title='bbox 1103 3759 1176 3796; x_wconf 88' lang='lat' dir='ltr'><strong>mars</strong></span> <span class='ocrx_word' id='word_1_252' title='bbox 1192 3743 1228 3799; x_wconf 82' lang='lat' dir='ltr'><strong>de</strong></span> <span class='ocrx_word' id='word_1_253' title='bbox 1245 3743 1270 3799; x_wconf 83' lang='lat' dir='ltr'><strong>la</strong></span> 
     </span>
     <span class='ocr_line' id='line_1_31' title="bbox 205 3821 1270 3904; baseline 0.008 -25"><span class='ocrx_word' id='word_1_254' title='bbox 205 3825 295 3880; x_wconf 72' lang='lat' dir='ltr'><strong>nieme</strong></span> <span class='ocrx_word' id='word_1_255' title='bbox 312 3824 412 3889; x_wconf 77' lang='lat' dir='ltr'><strong>annes,</strong></span> <span class='ocrx_word' id='word_1_256' title='bbox 431 3833 511 3877; x_wconf 82' lang='lat' dir='ltr'><strong>avant</strong></span> <span class='ocrx_word' id='word_1_257' title='bbox 530 3821 556 3877; x_wconf 95' lang='lat' dir='ltr'><strong>le</strong></span> <span class='ocrx_word' id='word_1_258' title='bbox 572 3840 674 3897; x_wconf 81' lang='lat' dir='ltr'><strong>voyage</strong></span> <span class='ocrx_word' id='word_1_259' title='bbox 691 3823 726 3878; x_wconf 88' lang='lat' dir='ltr'><strong>de</strong></span> <span class='ocrx_word' id='word_1_260' title='bbox 741 3826 895 3882; x_wconf 78' lang='lat' dir='ltr'><strong>Constante</strong></span> <span class='ocrx_word' id='word_1_261' title='bbox 912 3830 927 3880; x_wconf 71' lang='lat' dir='ltr'><strong>a</strong></span> <span class='ocrx_word' id='word_1_262' title='bbox 945 3827 1046 3898; x_wconf 85' lang='lat' dir='ltr'><strong>Rome,</strong></span> <span class='ocrx_word' id='word_1_263' title='bbox 1062 3831 1111 3904; x_wconf 90' lang='lat' dir='ltr'><strong>qui</strong></span> <span class='ocrx_word' id='word_1_264' title='bbox 1124 3832 1201 3888; x_wconf 84' lang='lat' dir='ltr'><strong>n’ent</strong></span> <span class='ocrx_word' id='word_1_265' title='bbox 1213 3832 1270 3888; x_wconf 85' lang='lat' dir='ltr'><strong>lieu</strong></span> 
     </span>
     <span class='ocr_line' id='line_1_32' title="bbox 205 3907 1271 3988; baseline 0.009 -23"><span class='ocrx_word' id='word_1_266' title='bbox 205 3929 259 3985; x_wconf 90' lang='lat' dir='ltr'><strong>que</strong></span> <span class='ocrx_word' id='word_1_267' title='bbox 277 3909 303 3963; x_wconf 91' lang='lat' dir='ltr'><strong>le</strong></span> <span class='ocrx_word' id='word_1_268' title='bbox 320 3909 353 3964; x_wconf 79' lang='lat'><strong>28</strong></span> <span class='ocrx_word' id='word_1_269' title='bbox 370 3908 437 3963; x_wconf 84' lang='lat' dir='ltr'><strong>avril</strong></span> <span class='ocrx_word' id='word_1_270' title='bbox 450 3907 511 3985; x_wconf 80' lang='lat'>357.</span> <span class='ocrx_word' id='word_1_271' title='bbox 527 3909 604 3965; x_wconf 83' lang='lat' dir='ltr'><strong>saint</strong></span> <span class='ocrx_word' id='word_1_272' title='bbox 616 3911 736 3978; x_wconf 83' lang='lat' dir='ltr'><strong>Hilaire‚</strong></span> <span class='ocrx_word' id='word_1_273' title='bbox 752 3913 855 3988; x_wconf 65' lang='lat' dir='ltr'><strong>eaeque</strong></span> <span class='ocrx_word' id='word_1_274' title='bbox 872 3912 907 3967; x_wconf 88' lang='lat' dir='ltr'><strong>de</strong></span> <span class='ocrx_word' id='word_1_275' title='bbox 925 3914 1043 3970; x_wconf 88' lang='lat' dir='ltr'><strong>Poitiers</strong></span> <span class='ocrx_word' id='word_1_276' title='bbox 1062 3935 1122 3972; x_wconf 84' lang='lat' dir='ltr'><strong>vers</strong></span> <span class='ocrx_word' id='word_1_277' title='bbox 1137 3916 1207 3985; x_wconf 79' lang='lat'><strong>350,</strong></span> <span class='ocrx_word' id='word_1_278' title='bbox 1227 3920 1271 3975; x_wconf 82' lang='lat' dir='ltr'><strong>lut</strong></span> 
     </span>
     <span class='ocr_line' id='line_1_33' title="bbox 205 3994 1271 4077; baseline 0.009 -24"><span class='ocrx_word' id='word_1_279' title='bbox 205 3997 275 4054; x_wconf 77' lang='lat' dir='ltr'><strong>exile</strong></span> <span class='ocrx_word' id='word_1_280' title='bbox 287 4015 323 4052; x_wconf 90' lang='lat' dir='ltr'><strong>en</strong></span> <span class='ocrx_word' id='word_1_281' title='bbox 339 3996 461 4070; x_wconf 76' lang='lat' dir='ltr'><strong>Phrygis</strong></span> <span class='ocrx_word' id='word_1_282' title='bbox 472 4015 507 4052; x_wconf 87' lang='lat' dir='ltr'><strong>eu</strong></span> <span class='ocrx_word' id='word_1_283' title='bbox 520 3994 587 4064; x_wconf 78' lang='lat'><strong>356,</strong></span> <span class='ocrx_word' id='word_1_284' title='bbox 605 4001 732 4071; x_wconf 78' lang='lat' dir='ltr'><strong>pretenta</strong></span> <span class='ocrx_word' id='word_1_285' title='bbox 745 4017 773 4053; x_wconf 93' lang='lat' dir='ltr'><strong>sa</strong></span> <span class='ocrx_word' id='word_1_286' title='bbox 786 4003 899 4077; x_wconf 79' lang='lat' dir='ltr'><strong>requete</strong></span> <span class='ocrx_word' id='word_1_287' title='bbox 915 4003 931 4056; x_wconf 70' lang='lat' dir='ltr'><strong>t</strong></span> <span class='ocrx_word' id='word_1_288' title='bbox 948 4004 1116 4073; x_wconf 75' lang='lat' dir='ltr'><strong>Constame,</strong></span> <span class='ocrx_word' id='word_1_289' title='bbox 1135 4017 1165 4061; x_wconf 89' lang='lat' dir='ltr'><strong>et</strong></span> <span class='ocrx_word' id='word_1_290' title='bbox 1180 4008 1271 4063; x_wconf 79' lang='lat' dir='ltr'><strong>reaint</strong></span> 
     </span>
    </p>
   </div>
   <div class='ocr_carea' id='block_1_4' title="bbox 199 4084 1272 4249">
    <p class='ocr_par' dir='ltr' id='par_1_5' title="bbox 199 4084 1272 4249">
     <span class='ocr_line' id='line_1_34' title="bbox 206 4084 1272 4162; baseline 0.009 -20"><span class='ocrx_word' id='word_1_291' title='bbox 206 4087 399 4143; x_wconf 75' lang='lat' dir='ltr'><strong>tPoitiers&#39;en</strong></span> <span class='ocrx_word' id='word_1_292' title='bbox 412 4084 473 4141; x_wconf 81' lang='lat'><strong>360.</strong></span> <span class='ocrx_word' id='word_1_293' title='bbox 489 4086 563 4141; x_wconf 89' lang='lat' dir='ltr'><strong>Dans</strong></span> <span class='ocrx_word' id='word_1_294' title='bbox 582 4086 608 4141; x_wconf 92' lang='lat' dir='ltr'><strong>la</strong></span> <span class='ocrx_word' id='word_1_295' title='bbox 625 4087 724 4160; x_wconf 85' lang='lat' dir='ltr'><strong>phrase</strong></span> <span class='ocrx_word' id='word_1_296' title='bbox 742 4091 790 4162; x_wconf 89' lang='lat' dir='ltr'><strong>qui</strong></span> <span class='ocrx_word' id='word_1_297' title='bbox 809 4089 835 4146; x_wconf 92' lang='lat' dir='ltr'><strong>le</strong></span> <span class='ocrx_word' id='word_1_298' title='bbox 853 4110 1001 4158; x_wconf 80' lang='lat' dir='ltr'><strong>conterre,</strong></span> <span class='ocrx_word' id='word_1_299' title='bbox 1019 4092 1046 4150; x_wconf 85' lang='lat' dir='ltr'><strong>le</strong></span> <span class='ocrx_word' id='word_1_300' title='bbox 1061 4094 1185 4154; x_wconf 80' lang='lat' dir='ltr'><strong>tertede</strong></span> <span class='ocrx_word' id='word_1_301' title='bbox 1197 4098 1272 4152; x_wconf 74' lang='lat' dir='ltr'><strong>saint</strong></span> 
     </span>
     <span class='ocr_line' id='line_1_35' title="bbox 199 4173 765 4249; baseline 0 -21"><span class='ocrx_word' id='word_1_302' title='bbox 199 4175 313 4230; x_wconf 76' lang='lat' dir='ltr'><strong>Jerbme</strong></span> <span class='ocrx_word' id='word_1_303' title='bbox 325 4183 405 4249; x_wconf 88' lang='lat' dir='ltr'><strong>porte</strong></span> <span class='ocrx_word' id='word_1_304' title='bbox 416 4177 486 4246; x_wconf 80' lang='lat' dir='ltr'><strong>ipse,</strong></span> <span class='ocrx_word' id='word_1_305' title='bbox 502 4191 536 4228; x_wconf 77' lang='lat' dir='ltr'><strong>su</strong></span> <span class='ocrx_word' id='word_1_306' title='bbox 548 4173 603 4230; x_wconf 91' lang='lat' dir='ltr'><strong>lieu</strong></span> <span class='ocrx_word' id='word_1_307' title='bbox 619 4174 653 4230; x_wconf 86' lang='lat' dir='ltr'><strong>de</strong></span> <span class='ocrx_word' id='word_1_308' title='bbox 664 4194 716 4246; x_wconf 80' lang='lat' dir='ltr'><strong>pro</strong></span> <span class='ocrx_word' id='word_1_309' title='bbox 729 4194 765 4230; x_wconf 85' lang='lat' dir='ltr'><strong>se.</strong></span> 
     </span>
    </p>
   </div>
   <div class='ocr_carea' id='block_1_5' title="bbox 0 0 1478 4958">
    <p class='ocr_par' dir='ltr' id='par_1_6' title="bbox 0 0 1478 4958">
     <span class='ocr_line' id='line_1_36' title="bbox 0 0 1478 4958; baseline 0 0"><span class='ocrx_word' id='word_1_310' title='bbox 0 0 1478 4958; x_wconf 95' lang='lat' dir='ltr'><strong> </strong></span> 
     </span>
    </p>
   </div>
  </div>
 </body>
</html>
