2894 4958
276 427 314 486 16
550 423 734 484 HISTORIA
756 423 1060 486 tcctesltsttct.

277 544 379 644 Quia
389 543 499 617 hodie
512 544 691 646 completa
702 561 755 618 est
765 543 845 617 haec
857 546 1039 647 arreptura
1051 548 1089 617 in
1103 548 1254 622 auribus
1263 578 1342 626 oes-

272 665 349 736 tn's.
365 659 592 735 Mirabantur
603 662 642 734 in
650 658 770 735 verbis
781 662 906 761 gratiae
918 688 1000 762 quae
1008 662 1253 761 procedebant
1265 669 1340 767 ejus

272 779 317 853 ab
328 806 402 855 ore.
413 782 490 879 lpse
498 779 598 853 Jesus
610 779 857 853 testimonium
866 777 1062 878 perhibuit,
1072 780 1340 882 quiapropheta

272 903 312 969 in
332 923 394 970 sua
412 897 527 997 patria
548 894 726 969 honorem
744 920 819 968 non
843 893 964 968 habet.
989 895 1207 995 Exemplum
1230 899 1339 972 etiam

270 1041 377 1090 verax
396 1012 440 1088 de
459 1013 700 1119 anterioribus
721 1012 899 1112 protulit,
921 1014 1020 1115 quod
1043 1014 1086 1087 ad
1102 1015 1234 1105 solam,
1253 1000 1341 1093 licet

269 1130 395 1204 multae
418 1131 456 1203 in
475 1129 581 1203 lsrael
605 1128 722 1202 viduae
741 1145 878 1217 essent,
899 1127 1129 1229 Sareptenam
1147 1131 1338 1207 mulierem

270 1264 434 1347 tempore
446 1245 549 1319 famis
563 1245 680 1320 Helias
692 1246 818 1318 missus
828 1245 959 1336 fuerit3
980 1248 1174 1349 multisque
1187 1248 1338 1350 leprosis

270 1365 308 1438 in
334 1377 486 1464 egestate
508 1376 545 1436 et
564 1388 724 1435 aerumna
747 1362 881 1436 relictis
902 1364 1016 1454 solus,
1040 1365 1182 1439 Heliseo
1197 1367 1337 1440 .vatici-

268 1497 401 1574 nante,
429 1479 588 1554 Naaman
613 1480 785 1581 Syrus-in
811 1480 966 1554 Jordane
988 1481 1182 1555 mundatus
1207 1482 1333 1558 fuerit.

268 1606 400 1681 Omnes
423 1606 462 1678 in
479 1630 656 1704 synagoga
672 1600 824 1677 verbum
843 1603 991 1677 Domini
1007 1604 1189 1680 audientes
1207 1607 1260 1679 ira
1276 1634 1335 1682 re-

266 1721 356 1821 pleti
369 1737 466 1793 sunt.
482 1718 588 1815 Quod
600 1715 738 1793 dictum
748 1717 867 1792 fuerat
874 1772 886 1809 ,
900 1745 1010 1818 opere
1023 1721 1194 1822 sacrilego
1207 1746 1334 1795 verum

266 1864 339 1913 esse
362 1835 660 1937 comprobantes,
685 1850 933 1910 surrexerunt.
960 1835 1131 1911 Amentes
1152 1836 1333 1912 efficacem

265 1955 484 2030 archiatrum
514 1971 613 2029 extra
640 1954 821 2027 civitatem
848 1958 1050 2053 ejecerunt,
1079 1971 1116 2029 et
1142 1957 1255 2056 usque
1289 1958 1333 2042 ad

265 2072 496 2174 supercilium
520 2070 656 2143 montis
682 2095 789 2168 super
812 2094 887 2169 quo
912 2085 1119 2143 constructa
1146 2085 1200 2145 est
1221 2070 1329 2163 urbs,

264 2204 307 2261 ut
328 2186 599 2286 praecipitarent
622 2209 723 2270 eum,
747 2181 942 2256 duxerunt.
968 2186 1046 2283 lpse
1069 2200 1188 2259 autem
1210 2201 1333 2260 trans-

265 2306 340 2378 iens
368 2330 434 2404 per
461 2300 620 2374 medium
647 2298 816 2388 illorum,
853 2299 935 2374 inde
964 2299 1147 2375 descendit
1172 2301 1331 2402 Caphar-

263 2421 405 2520 naum(
430 2421 459 2518 ).
1043 2482 1045 2487 .

312 2538 425 2613 Venit
450 2537 582 2610 iterum
608 2536 647 2608 in
676 2534 796 2609 Chana
824 2532 995 2609 Galilaeae.
1024 2483 1202 2637 Regulus,
1229 2542 1329 2638 cujus

261 2655 357 2728 filius
375 2650 627 2726 infirmabatur
650 2650 920 2752 capharnaum,
945 2653 1067 2725 Jesum
1083 2655 1287 2729 venientem
1309 2684 1329 2728 a

260 2771 383 2845 Judaea
399 2771 438 2842 in
456 2768 640 2842 Galilaeam
657 2766 806 2869 rogabat
826 2783 868 2840 ut
884 2767 1129 2859 descenderet,
1149 2786 1186 2843 et
1211 2770 1328 2844 filium

261 2890 337 2985 ejus
354 2899 506 2959 sanaret.
530 2883 631 2957 Dixit
653 2885 686 2957 ei
702 2885 801 2957 Jesus
822 2911 830 2953 :
854 2885 897 2957 V
892 2884 964 2955 nde
971 2939 984 2972 ,
993 2884 1102 2983 filius
1121 2900 1202 2957 tuns
1224 2887 1325 2960 vr'vr't.

259 3003 431 3075 Protinus
448 3026 542 3101 aeger
564 3000 771 3089 convaluit,
796 3015 898 3098 pater
913 2999 1065 3072 credidit
1075 3053 1086 3088 ,
1105 3000 1326 3102 domumque

260 3121 299 3194 in
317 3118 513 3192 crastinum
527 3117 717 3205 remeavit,
738 3131 774 3189 et
795 3117 926 3215 sospite
942 3116 1019 3190 filio
1036 3117 1250 3217 gaudentem
1269 3116 1328 3191 fa-

259 3238 396 3311 miliam
422 3234 577 3335 reperit,
597 3250 633 3307 et
650 3259 869 3333 cognoscens
894 3234 993 3333 quod
1015 3236 1215 3335 contigerat
1240 3262 1324 3308 cum

258 3371 333 3430 tota
350 3354 460 3428 domo
475 3350 639 3427 credidit.
649 3353 754 3440 Hoc,
773 3367 815 3423 ut
831 3353 985 3426 Joannes
996 3351 1181 3451 perhibet,
1197 3379 1323 3426 secun·

257 3472 345 3546 dum
372 3472 444 3544 fuit
468 3471 611 3571 signum
636 3469 733 3569 quod
755 3467 842 3542 fecit
863 3470 984 3557 Jesus,
1011 3494 1093 3542 cum
1120 3469 1274 3544 venisset
1303 3496 1324 3543 a

256 3590 378 3663 Judaea
392 3590 431 3661 in
448 3587 632 3660 Galilaeam
649 3587 664 3684 (
691 3586 720 3686 )

305 3706 368 3781 vl.
386 3710 478 3776 Cum
490 3704 641 3776 audisset
654 3704 752 3776 Jesus
768 3701 866 3803 quod
880 3704 1036 3776 Joannes
1047 3701 1198 3776 traditus
1210 3717 1319 3792 esset,

257 3824 380 3898 relicta
403 3821 599 3914 Nazareth,
625 3846 707 3920 quae
731 3817 967 3918 diciturflor,
994 3817 1167 3892 habitavit
1189 3820 1227 3892 in
1251 3825 1322 3891 Ca-

290 4105 329 4173 (r)
343 4102 443 4160 Matth.
465 4120 501 4170 11,
518 4099 613 4168 13-16;
628 4100 714 4157 Marc.
729 4117 754 4168 1,
773 4115 803 4154 21
817 4122 825 4168 5
838 4100 904 4154 Luc.
919 4116 955 4167 tv,
968 4097 1060 4156 22-31.
1071 4129 1106 4142 -
1116 4099 1155 4171 (a)
1166 4099 1266 4155 Joann.
1280 4116 1318 4168 iv,

256 4192 349 4261 rost.
