2894 4958
186 390 247 453 400
460 388 642 449 HISTORIA
663 387 966 452 uectustlstms.

185 509 294 609 guine
324 504 471 581 illorum
498 505 601 581 lieret
629 505 814 599 balneum,
848 510 952 582 etin
981 507 1060 607 ipso
1090 508 1239 583 fumanti

186 650 315 700 cruore
346 624 520 697 intinctus
550 626 758 723 impetraret
789 623 857 698 sibi
888 625 998 725 leprae
1031 626 1237 715 remedium.

187 745 349 843 Cumque
371 741 627 816 Constantinus
650 768 670 813 a
692 742 828 840 palatio
852 742 1082 843 egrederemur
1104 743 1151 816 ad
1168 742 1241 816 hal-

186 886 314 951 neum,
328 873 364 932 et
379 857 521 931 vidisset
534 857 804 932 multitudinem
818 859 1013 934 mulierum
1027 862 1240 935 amarissime

187 975 352 1049 flentium
381 999 449 1072 pro
477 973 728 1048 interfectione
756 976 972 1075 pignorum,
1007 976 1099 1048 tanti
1132 975 1241 1049 luctus

187 1093 410 1166 occasionem
427 1090 632 1191 inquisivit,
651 1090 861 1192 facinusque
882 1107 924 1165 ut
946 1096 1141 1193 cognovit,
1160 1119 1241 1192 pro·

188 1209 285 1283 tinus
314 1205 515 1282 exhorruit.
546 1208 669 1305 Longa
698 1208 805 1279 etiam
832 1223 868 1280 et
896 1206 1018 1279 subtili
1052 1209 1240 1281 conciona-

188 1325 289 1400 tione
305 1324 360 1420 (1)
376 1320 596 1395 barbaricam
613 1321 861 1396 crudelitatem
876 1322 1078 1413 damnavit,
1094 1323 1242 1423 imperii·

188 1465 259 1541 que
275 1439 415 1521 romani
441 1438 611 1537 pietatem
633 1438 775 1511 extulit.
801 1438 910 1512 Filios
933 1440 1055 1540 itaque
1074 1438 1241 1512 matribus

189 1553 386 1629 incolumes
412 1551 511 1625 reddi
540 1554 731 1652 praecepit,
751 1567 788 1625 et
809 1552 1023 1652 amplissima
1048 1554 1146 1627 dona
1169 1580 1242 1627 um

189 1666 361 1743 vehiculis
376 1682 413 1740 et
428 1667 582 1740 annonis
598 1665 750 1756 addidit,
766 1683 803 1741 et
814 1668 865 1740 sic
881 1693 937 1742 eas
953 1668 1087 1744 alacres
1104 1669 1151 1743 ad
1166 1692 1242 1769 pro·

190 1786 268 1885 pria
284 1785 434 1859 remisit.

239 1903 409 2003 Sequenti
426 1916 532 1976 nocte
556 1903 593 1975 in
611 1903 747 1977 visione
762 1902 885 1979 beatos
901 1906 1082 2005 apostolos
1106 1907 1243 1979 Petrum

191 2037 228 2097 et
244 2019 395 2094 Paulum
412 2019 518 2108 vidit,
537 2035 575 2093 et
590 2018 636 2090 ab
656 2021 704 2094 eis
721 2019 924 2095 admonitus
941 2022 1157 2096 Silvestrum
1173 2046 1244 2094 cum

191 2135 328 2210 clericis
345 2135 417 2206 suis
438 2135 638 2222 revocavit,
664 2151 701 2209 et
719 2134 765 2205 ab
782 2136 859 2234 ipso
876 2162 969 2209 verae
985 2136 1111 2209 salutis
1132 2135 1245 2210 crudi·

192 2251 330 2324 tionem
346 2247 500 2335 audivit,
519 2249 623 2349 eique
645 2247 800 2321 libenter
817 2250 855 2321 in
872 2249 1042 2324 omuibus
1059 2250 1242 2350 acquievit

190 2364 327 2440 Deinde
342 2390 432 2463 papa
455 2364 520 2463 ipsi
538 2378 575 2439 et
594 2365 694 2437 omni
711 2364 848 2464 populo
866 2365 1064 2440 christiano
1074 2370 1244 2468 jejunium

192 2485 299 2555 unius
314 2478 546 2554 hebdomade
563 2480 713 2568 indixit3
736 2507 811 2587 quo
826 2500 971 2582 peracto
979 2537 990 2573 ,
1009 2510 1162 2584 vespere
1176 2483 1248 2557 sab-

191 2599 266 2672 bati
291 2598 443 2672 salutare
464 2598 645 2672 lavacrum
667 2600 705 2671 in
731 2600 864 2700 palatio
886 2602 1117 2676 Lateranensi
1140 2602 1247 2701 parari

191 2714 364 2813 proecepit
379 2729 417 2788 et
433 2739 477 2787 ex
494 2740 597 2789 more
608 2715 854 2788 sanctificavit.
871 2718 975 2790 Tunc
993 2716 1248 2791 Constantinus

193 2830 388 2930 baptizatus
417 2845 493 2918 est,
525 2829 715 2930 subitoque
745 2857 810 2930 per
838 2831 991 2905 mediam
1016 2830 1096 2907 fere
1131 2834 1247 2908 horam

192 2948 303 3021 nimia
319 2946 398 3020 luce
409 2947 613 3021 emicantes
624 2946 723 3045 lepra
733 2946 925 3021 mundatus
939 2963 992 3021 est
1000 3001 1011 3037 ,
1024 2964 1063 3022 et
1070 2948 1247 3022 Christum

192 3091 229 3139 se
244 3061 371 3137 vidisse
387 3063 568 3139 coufessus
584 3077 649 3136 est.

239 3182 480 3255 Constantino
492 3180 892 3278 imperanteconcilium
905 3206 989 3254 xntv
1001 3182 1247 3281 episcoporum

193 3300 232 3371 in
255 3296 345 3371 urhe
365 3299 480 3370 Roma
501 3296 636 3369 factum
660 3312 724 3371 est.
749 3296 803 3370 lbi
827 3297 994 3372 silvester
1015 3324 1108 3396 papa
1130 3312 1245 3372 contra

193 3437 246 3489 xu
259 3413 491 3513 peritissimos
500 3413 708 3487 ludaeorum
719 3415 898 3513 principes
909 3412 1126 3511 disputavit,
1138 3413 1245 3514 etopi

194 3529 331 3603 tulante
348 3530 427 3603 Deo
445 3529 730 3605 contradicentes
746 3528 813 3602 sibi
830 3528 1121 3602 authenticarum
1142 3526 1245 3601 imbre

194 3646 453 3722 sententiarum
463 3648 654 3746 superavit.
670 3648 805 3722 Contra
821 3645 992 3719 Abiatbar
1008 3659 1045 3720 et
1058 3648 1148 3719 loasi
1160 3644 1244 3718 Rab-

196 3760 288 3837 bites
311 3761 501 3837 dissertum
522 3779 575 3835 est
599 3763 698 3863 quod
716 3765 821 3837 Pater
846 3780 883 3837 et
904 3762 1014 3835 Filius
1039 3777 1076 3836 et
1100 3762 1241 3862 Spiritus

386 4128 539 4197 einaucne,
553 4132 704 4187 manuscrit
716 4130 752 4187 de
762 4118 977 4189 salut-Evnomt.
