2894 4958
267 443 306 504 34
537 438 721 500 Η18ΤΟΒΙΔ
743 437 1047 500 tccttslastlca

266 577 309 634 ut
333 559 474 634 veniret
496 557 539 629 ad
555 559 688 654 lesum.
716 555 851 632 Videns
870 581 957 629 vero
981 568 1131 628 ventum
1147 555 1329 645 validum,

267 676 409 765 timuit3
432 690 570 747 etcum
591 672 759 772 coepisset
779 673 912 772 mergi,
936 671 1101 743 clamavit
1117 701 1126 744 ε
1145 673 1328 765 Domine,

265 794 406 868 saluum
422 787 571 889 mefac.
592 789 779 864 Continuo
799 790 898 862 lesus
918 814 1066 861 manum
1084 789 1266 878 extendit,
1292 807 1331 865 et

265 937 303 985 se
336 912 374 983 in
408 906 569 1009 periculo
600 906 827 980 invocantem
858 906 1105 1005 apprehendit.
1141 909 1329 998 Modieae,

264 1026 407 1128 inquit,
415 1022 533 1123 fidei,
554 1047 668 1122 quare
684 1021 889 1095 dubitasti?
902 1023 960 1120 (ι)

293 1138 535 1214 -Ascendente
565 1138 649 1211 lesu
689 1137 728 1210 in
744 1137 967 1226 naviculam,
1001 1139 1149 1211 cessavit
1177 1153 1328 1228 ventus;

264 1273 301 1335 et
329 1260 394 1330 ista
420 1255 580 1329 videntes
603 1252 843 1328 adoraverunt
875 1268 912 1326 et
936 1252 1054 1327 filium
1083 1255 1147 1329 Dei
1175 1253 1329 1329 confessi

263 1389 350 1450 sunt
375 1376 448 1474 (a).
482 1370 577 1447 Nota
604 1372 704 1472 quud
732 1371 888 1445 loannes
916 1369 1088 1444 describit
1115 1370 1331 1444 miraculum

262 1517 398 1592 panum
416 1515 531 1590 prope
543 1488 672 1561 Pascha
686 1487 823 1560 factum
843 1485 975 1574 fuisse3
994 1488 1178 1561 Mattheus
1190 1513 1278 1562 vero
1295 1505 1332 1562 et

262 1608 405 1683 Marcus
423 1620 709 1682 commemorant
722 1604 791 1680 hoc
809 1605 931 1678 statim
950 1606 1069 1680 occiso
1089 1607 1228 1680 loanne
1250 1605 1331 1678 fac-

263 1739 343 1797 tum
359 1751 445 1799 esse.
464 1723 569 1798 Unde
587 1723 770 1824 colligitur
779 1723 955 1797 Joannem
971 1724 1182 1797 imminente
1199 1723 1331 1796 Pascha

263 1836 501 1929 decollatum,
533 1863 702 1939 annoque
726 1839 909 1939 sequenti,
936 1865 1020 1911 cum
1048 1837 1179 1912 Pascha
1209 1837 1330 1912 denuo

262 1956 413 2050 rediret,
432 1957 646 2058 mysterium
667 1955 860 2030 dominicae
883 1956 1054 2056 passionis
1075 1982 1147 2030 csse
1171 1957 1345 2054 comple-'

263 2089 354 2147 tum.
379 2076 477 2149 lesus
495 2100 578 2147 cum
596 2073 780 2172 discipulis
801 2073 872 2146 suis
896 2073 933 2144 in
959 2088 1094 2147 terram
1113 2071 1329 2146 Genesareth

263 2191 386 2279 venit,
401 2205 438 2262 et
450 2187 496 2262 ab
509 2189 636 2265 incolis
647 2203 832 2290 gratanter
843 2204 1046 2287 susceptus,
1062 2186 1251 2290 languidos
1267 2214 1332 2263 eo—

263 2331 347 2377 rum
368 2306 518 2376 curavit.
537 2303 675 2402 Nempe
692 2302 885 2377 salvatoris
902 2302 1125 2404 benignitate
1144 2303 1275 2390 illecti,
1292 2304 1330 2374 in

261 2421 468 2494 universam
500 2420 686 2518 regionem
715 2419 917 2510 miserunt,
948 2422 1053 2522 eique
1083 2445 1208 2494 omnes
1240 2419 1332 2493 male

264 2535 435 2611 hahentes
456 2535 688 2622 obtulerunt3
715 2562 891 2636 eumque,
910 2551 952 2609 ut
969 2538 1025 2611 vel
1050 2534 1230 2609 fimbriam
1250 2561 1332 2608 ves-

265 2650 408 2725 timenti
426 2653 501 2749 ejus
517 2664 728 2749 tangerent,
746 2666 977 2751 rogaverunt.
999 2651 1227 2751 Quicumque
1244 2675 1331 2750 ergo

267 2767 484 2866 tetigerunt,
502 2765 588 2837 salvi
605 2764 689 2837 facti
709 2769 821 2865 sunt(
844 2767 875 2865 ).

316 2879 370 2954 lbi
389 2894 515 2955 contra
531 2878 663 2952 scribas
681 2894 717 2953 et
734 2879 940 2978 pharisaeos,
959 2881 1022 2979 qui
1038 2879 1083 2954 de
1098 2879 1332 2981 lerosolymis

268 3011 498 3084 accesserant,
512 2994 616 3095 plura
632 2995 803 3094 protulit,
819 3011 856 3070 et
870 2996 1131 3096 superstitiosas
1147 2997 1330 3070 seniorum

269 3111 480 3186 traditiones
496 3109 678 3210 redarguit
692 3111 764 3211 (4)
1253 3092 1257 3106 ’

319 3225 454 3301 Turhae
472 3226 512 3300 in
528 3228 708 3301 naviculas
723 3227 979 3317 ascenderunt,
1006 3244 1043 3302 et
1062 3229 1330 3328 capharnaum,
1373 3325 1375 3328 y

271 3360 474 3449 querentes
505 3346 627 3418 lesum
641 3399 652 3434 ,
676 3362 880 3426 ,venerunt
914 3345 1053 3441 Quibus
1086 3347 1160 3446 ipse
1194 3346 1286 3419 dixit
1320 3377 1329 3417 :

271 3465 416 3553 Amen,
442 3488 549 3536 arnon
569 3463 655 3536 dieo
683 3463 789 3536 nobis
815 3492 825 3535 :
855 3466 1018 3564 quaeritis
1039 3490 1112 3552 me,
1142 3489 1216 3536 non
1243 3465 1333 3562 quia

271 3580 419 3653 uidistis
455 3581 564 3676 signa
576 3635 590 3670 ‚
627 3579 694 3652 sed
728 3581 817 3680 quia
855 3581 1106 3654 manducastis
1139 3607 1187 3652 ex
1215 3584 1334 3681 poni-

273 3696 338 3769 bus
375 3711 409 3768 et
442 3697 598 3769 saturati
627 3696 725 3770 estis.
761 3696 976 3799 Operomini
1010 3724 1085 3770 non
1115 3695 1237 3768 cibum
1271 3698 1335 3794 qui

305 4012 345 4082 (ι)
363 4009 464 4064 Matth.
489 4025 550 4077 riv,
578 4007 678 4076 22-31;
700 4009 785 4064 Marc.
808 4028 850 4078 vr,
877 4008 978 4077 45-50;
998 4011 1097 4065 loann.
1118 4027 1160 4078 vt,
1189 4012 1332 4075 1400.—

269 4098 309 4167 (a)
323 4098 423 4153 Matth.
438 4115 497 4166 rav,
511 4094 561 4166 32,
574 4095 623 4164 33;
636 4099 721 4154 Marc.
734 4117 774 4167 vr,
787 4096 833 4167 51,
845 4096 895 4167 52;
907 4100 1007 4157 Joanu.
1018 4119 1059 4169 vr,
1077 4117 1121 4154 ar.
1134 4128 1169 4140 -
1181 4095 1221 4168 (3)
1230 4099 1331 4153 Matth.

270 4203 322 4254 xta,
333 4182 431 4252 34-36;
445 4185 531 4240 Marc.
542 4202 584 4253 vr,
598 4183 691 4246 55-56.
705 4217 740 4230 -
752 4187 791 4258 (4)
804 4187 902 4243 Marah.
918 4206 961 4258 xv,
979 4207 1039 4262 1·9;
1054 4189 1137 4243 blare.
1150 4204 1202 4254 vn,
1221 4183 1296 4240 1-13.
