2894 4958
541 413 657 474 nnnn
677 414 889 475 succinus,
1188 417 1249 497 405

183 558 255 631 que
288 532 325 603 iu
355 529 446 604 urbe
475 532 589 605 Roma
614 535 716 631 juxta
744 533 932 606 Palatinas.
963 537 1159 636 Episcopos
1189 565 1254 636 per

183 648 321 721 diversa
338 648 413 721 loca
427 673 530 722 xxvn
545 648 738 722 orrlinavit.
753 649 873 723 Nonas
884 650 1044 725 octobris
1061 650 1252 727 defunctus

184 781 256 853 est,
272 782 308 839 et
325 767 472 840 cessavit
484 767 707 867 episcopatus
718 766 843 839 diebus
857 771 933 863 xx(
960 769 991 867 ).

232 884 347 955 Julius
370 885 571 972 Romanus,
596 911 639 957 ex
657 899 757 984 patre
781 886 949 974 Rustico,
969 885 1060 959 sedit
1082 887 1184 958 arinis
1204 910 1254 960 xv

184 998 367 1073 mensibus
386 1026 414 1073 ιι
433 999 557 1074 diebus
571 1026 635 1074 vn.
651 1002 719 1073 Hic
738 1017 900 1101 tempore
915 1003 1118 1077 Constantii
1138 1001 1255 1077 baere-

185 1117 247 1188 tici
265 1116 395 1189 multas
413 1115 663 1190 tribulationes
681 1118 871 1207 sustinuit,
891 1133 927 1192 ct
944 1145 1013 1219 pro
1035 1119 1105 1193 fide
1126 1122 1255 1194 catho-

186 1229 253 1303 lica
264 1230 446 1305 mensibus
456 1258 481 1305 x
494 1233 651 1306 iu-exilio
664 1233 746 1305 suit.
761 1233 831 1306 Sed
840 1251 924 1333 post
935 1250 1093 1309 mortem
1104 1236 1251 1335 tyranni

184 1346 229 1420 ad
254 1347 373 1421 sedem
398 1375 497 1420 suam
520 1375 604 1422 cum
625 1349 738 1450 gloria
762 1353 947 1425 remeavit.
975 1353 1069 1426 Duas
1094 1351 1254 1426 basilicas

185 1465 272 1538 fecit
289 1475 326 1539 ct
344 1467 518 1540 cimiteria
535 1469 617 1540 tria.
637 1469 835 1568 Episcopos
855 1494 895 1543 tx
918 1469 1113 1544 ordinavit.
1135 1471 1256 1545 Pridie

186 1580 265 1653 idus
274 1582 396 1681 aprilis
406 1583 511 1678 obiit,
525 1599 561 1657 et
571 1586 717 1659 cessavit
726 1587 948 1684 episcopatus
959 1584 1083 1660 diebus
1094 1613 1170 1661 xxv
1182 1588 1252 1686 (a).

235 1695 399 1771 Liberius
415 1701 612 1790 Romanus,
628 1728 671 1774 ex
685 1716 786 1801 patre
796 1701 973 1803 Augusto,
989 1705 1080 1779 sedit
1096 1706 1200 1779 annis
1215 1730 1255 1780 vr

184 1813 367 1888 mensibus
379 1841 420 1888 111
434 1816 559 1891 diebus
578 1844 614 1892 ιν
634 1834 796 1917 tempore
813 1820 1028 1895 Constantii.
1044 1821 1177 1895 Tribus
1191 1850 1254 1896 an·

185 1932 241 2002 nis
254 1958 322 2030 pro
336 1933 405 2007 fide
417 1936 454 2007 in
470 1936 579 2009 exilio
591 1935 675 2009 fuit.
689 1939 813 2010 Postea
827 1941 1054 2012 consentiens
1067 1940 1251 2030 Arrianis,

184 2074 250 2147 per
262 2050 445 2145 Ursatium
459 2069 495 2126 et
507 2052 697 2127 Valentem
708 2052 896 2130 haereticos
909 2055 1140 2155 presbyteros
1154 2082 1254 2129 revo·
1304 2039 1307 2044 ⁴

185 2178 292 2237 catus·
309 2182 362 2239 est
393 2183 432 2240 et
461 2166 657 2244 catholicos
690 2170 921 2244 vehementer
949 2186 1156 2270 persecutus
1185 2185 1251 2244 cst.

186 2284 351 2383 Denique
364 2297 433 2356 νιι0
446 2284 517 2358 kal.
530 2286 614 2358 maii
629 2288 684 2358 via
697 2287 829 2360 Salaria
840 2288 877 2360 in
892 2289 1071 2362 cimiterio
1083 2288 1252 2361 Priscillae

185 2399 343 2498 sepultus
359 2416 430 2488 est,
450 2416 486 2474 et
504 2404 651 2479 cessavit
667 2403 890 2502 episcopatus
901 2400 1026 2476 diebus
1040 2406 1109 2503 v1(
1135 2406 1162 2500 ).

218 2662 327 2732 (1)(ι8
344 2663 483 2738 jamim-7
501 2662 615 2717 octobre
632 2659 710 2732 336.)
730 2661 816 2716 L’une
833 2661 883 2717 dea
900 2662 1000 2736 eglisea
1020 2664 1186 2719 construites
1203 2682 1254 2737 par
1286 2679 1290 2686 ·

185 2752 258 2806 saint
272 2753 347 2807 Marc
358 2752 486 2825 s'appelle
498 2752 677 2824 aujourd'hui
689 2750 926 2821 Salute-Balbine,
942 2762 971 2806 et
988 2752 1086 2807 l’autre
1103 2763 1184 2825 porte
1203 2769 1254 2808 sou

184 2857 261 2893 nom.
273 2840 310 2894 1ae
322 2840 463 2894 cimetiere
473 2839 508 2895 de
520 2838 756 2907 sainte-balbine,
767 2838 830 2911 plus
841 2839 1053 2894 anciennement
1064 2839 1161 2913 appele
1170 2839 1254 2894 cime-

183 2929 255 2984 ticre
266 2926 302 2983 de
313 2929 560 2997 saint-Fretum,
575 2929 642 2984 etait
653 2928 725 2983 sitne
734 2938 813 2982 entre
824 2927 864 2982 les
875 2927 949 2983 voies
957 2929 1102 3001 Appienne
1112 2938 1140 2983 et
1149 2928 1254 2983 Ardea-

183 3019 257 3085 tiue‚
269 3017 337 3073 dans
346 3018 372 3074 le
383 3019 523 3093 voiainage
532 3017 567 3074 de
576 3018 647 3074 celui
658 3017 693 3077 de
705 3017 909 3088 saint-Galim,
924 3035 988 3073 avec
997 3018 1088 3094 lequel
1098 3018 1117 3073 il
1127 3037 1253 3074 commu-

182 3107 301 3180 niquait.

219 3199 258 3269 (a)
276 3197 305 3269 (6
315 3199 416 3254 sevrier
426 3197 529 3275 337-12
541 3197 609 3254 avril
621 3195 695 3270 352.)
708 3199 748 3254 Ce
759 3215 830 3272 pape
842 3197 886 3252 n'a
899 3196 964 3254 subi
979 3197 1008 3253 ni
1025 3197 1254 3258 les‚tribulatious

183 3288 215 3342 ni
226 3285 300 3341 l'exil
316 3289 365 3362 qui
378 3287 418 3342 lui
433 3299 496 3343 sont
508 3288 643 3343 attribues
656 3289 707 3357 ici,
720 3299 749 3344 et
763 3276 874 3362 l’Eglise
887 3287 1054 3344 d'Occident
1067 3305 1103 3343 ue
1117 3305 1190 3343 cessa
1206 3304 1254 3361 pas

184 3375 221 3430 de
227 3376 305 3448 jouir
315 3377 399 3431 d’une
409 3377 618 3451 paixprofonde
627 3395 690 3433 sous
699 3395 749 3433 son
761 3376 912 3451 pontificat
924 3377 1010 3433 L'uue
1020 3376 1069 3433 dee
1078 3376 1177 3451 eglises
1185 3374 1254 3451 qu’il

184 3466 349 3521 construisit
360 3467 427 3520 etait
439 3466 526 3521 situee
535 3465 604 3521 dam
616 3466 641 3520 le
651 3467 771 3535 Forum,
786 3466 922 3522 etl’autre
931 3464 1031 3539 lelong
1041 3466 1076 3521 de
1085 3465 1111 3521 la
1120 3466 1180 3522 voie
1189 3465 1254 3521 na-

184 3558 343 3625 minienue;
357 3576 399 3611 ses
411 3557 480 3612 troia
495 3557 651 3613 cimetieres
664 3557 690 3612 le
704 3557 770 3630 long
783 3555 832 3612 des
849 3557 924 3611 roies
940 3555 1147 3624 Flumineam,
1161 3556 1253 3612 Aune-

185 3645 279 3701 lienne
291 3655 321 3701 et
333 3645 369 3700 de
381 3646 476 3701 Porto.

220 3731 260 3804 (ὅ)
277 3734 322 3803 (aa
339 3733 394 3786 mai
408 3730 512 3800 352-24
526 3733 681 3806 septembre
696 3730 772 3801 366.)
786 3731 870 3787 L’exil
883 3730 918 3786 de
932 3731 1030 3787 Libere
1042 3730 1112 3786 dura
1124 3730 1160 3786 de
1173 3729 1226 3786 355
1239 3735 1255 3785 t

186 3818 249 3878 358.
263 3822 304 3878 Ce
317 3841 387 3895 pape
397 3832 446 3877 eut
455 3822 520 3878 bien
529 3822 555 3877 la
564 3822 689 3877 faiblesse
698 3822 842 3895 d'apposer
850 3839 879 3876 sa
889 3820 1074 3894 souscription
1085 3839 1121 3876 au
1132 3821 1255 3894 premier

187 3910 294 3965 concile
307 3909 343 3965 de
356 3910 491 3979 Sirmieh,
510 3911 579 3966 mais
591 3909 612 3966 il
623 3929 658 3965 ne
671 3913 815 3984 persecuta
827 3912 908 3984 point
918 3911 957 3965 les
967 3907 1155 3984 catholiques,
1168 3918 1198 3964 et
1209 3927 1259 3963 re-·

187 3999 248 4054 riut
260 4003 277 4054 a
288 3998 474 4078 l’orthodoxie
483 4000 532 4055 des
541 3997 705 4074 359.1t0tre
719 4010 818 4057 auteur
827 4000 890 4055 s’eet
903 4016 1003 4055 encore
1016 4000 1125 4072 nompe
1138 3997 1258 4071 grossit-

189 4101 297 4146 nement
311 4109 359 4145 sur
370 4091 396 4146 la
407 4090 493 4146 duree
505 4090 541 4145 de
553 4108 602 4146 sou
614 4091 756 4165 pontificat
769 4102 797 4148 et
807 4091 833 4146 le
839 4090 905 4163 jour
921 4090 956 4145 de
971 4107 1001 4145 sa
1010 4099 1101 4159 mort,
1116 4089 1185 4145 mais
1198 4105 1258 4147 non

187 4197 237 4236 sur
248 4178 275 4236 le
288 4179 345 4238 lieu
359 4180 394 4237 de
405 4198 433 4236 sa
446 4179 596 4254 sepulture.
