2894 4958
465 478 468 482 ·
524 458 644 520 LIBER
665 456 879 519 SECUNDUS.
1178 459 1241 519 379

166 588 390 679 pracceptum
413 580 488 675 ejus
513 573 738 648 immunditia
762 573 893 647 carnali
919 571 1238 648 commaculassent

166 722 205 771 se
229 711 304 771 tota
321 708 442 768 nocte.
463 693 561 766 Duce
580 717 664 764 cum
682 691 820 791 populo
836 706 986 792 rogante
1000 716 1070 791 pro
1084 692 1235 779 vexatis,

166 827 312 895 sanctus
328 809 461 909 praesul
485 807 708 882 daemonium
725 807 863 908 expulit
883 809 921 881 in
941 809 1088 882 nomine
1113 808 1238 881 Salva-

167 928 281 1017 toris,
302 925 538 1027 hominesque
554 924 713 998 restituit
730 923 845 1024 vigori
862 924 1026 1023 pristinae
1044 923 1235 1025 sospitatis.

168 1043 315 1119 Basilica
332 1042 509 1144 siquidem
527 1042 639 1116 sancti
657 1042 754 1115 Petri
771 1053 824 1115 v1⁰
843 1068 955 1116 nonas
973 1042 1056 1114 maii
1074 1057 1238 1142 tempore

168 1161 325 1238 Neronis
350 1161 577 1262 imperatoris
600 1174 804 1234 consecrata
831 1174 903 1249 cst,
930 1175 965 1233 et
983 1174 1080 1233 tanta
1099 1159 1239 1232 claritas

170 1279 210 1354 in
222 1278 281 1354 dic
294 1279 573 1354 consecrationis
590 1281 664 1377 ejus
684 1275 818 1352 ibidem
835 1277 1003 1371 emicuit,
1021 1292 1063 1350 ut
1080 1277 1170 1352 alter
1184 1276 1240 1350 al-

171 1411 292 1472 terum
309 1393 377 1468 sihi
395 1397 604 1495 proximum
620 1395 681 1468 vix
699 1395 819 1469 videre
837 1395 1020 1496 quivisset.

219 1513 285 1587 llis
299 1514 369 1588 rite
380 1515 552 1614 peractis,
567 1512 692 1587 heatus
708 1512 882 1586 Martialis
899 1511 1132 1586 Aurelianum
1146 1510 1242 1586 ordi·

170 1630 292 1736 mett,
321 1645 458 1728 etpost
480 1657 586 1703 suum
609 1630 800 1703 discessum
824 1627 907 1701 urbi
931 1629 1240 1702 lemovicensium

170 1744 348 1847 praefecit.
368 1745 549 1822 Andream
571 1773 657 1822 vero
680 1743 935 1846 presbyterum
954 1745 1111 1819 ecclesiae
1128 1744 1240 1816 sancti

170 1864 272 1938 Petri
290 1865 443 1964 apostoli
468 1864 651 1965 praefecit,
671 1861 793 1964 ibique
815 1889 899 1936 cum
921 1888 965 1936 eo
990 1858 1242 1936 Hildebertum

171 1978 343 2057 Archadii
370 1981 512 2056 comitis
532 1980 649 2056 filium
672 1996 709 2057 et
731 1981 819 2068 alios
841 2004 958 2055 xxxvr
985 1979 1134 2055 clericos
1156 2005 1243 2053 con-

169 2097 314 2188 stituit,
337 2099 461 2200 eisque
478 2098 678 2198 Stephanus
692 2099 767 2173 dux
784 2125 828 2173 ex
842 2122 907 2173 suo
924 2096 1085 2172 redditus
1100 2097 1145 2170 ad
1163 2096 1241 2169 vic-

174 2227 255 2287 tum
276 2229 314 2288 et
337 2215 507 2288 vestitum
531 2214 689 2290 mutim
711 2215 873 2289 donavit.
896 2214 1012 2287 Multa
1033 2211 1180 2315 quidem
1198 2210 1243 2287 de

172 2326 345 2428 operibus
363 2330 458 2405 beati
478 2331 651 2406 Martialis
672 2333 803 2432 scripta
823 2345 929 2421 sunt,
944 2330 1005 2405 sed
1024 2347 1143 2404 tamen
1161 2355 1244 2403 om-

173 2443 236 2519 nia
257 2444 467 2546 singillatim
488 2447 646 2548 proferri
668 2463 868 2551 nequeunt.
894 2447 985 2520 Erat
1008 2447 1107 2523 cuim
1123 2445 1244 2518 divina

174 2559 381 2636 eruditione
397 2564 575 2663 repletus,
599 2565 775 2667 religione
793 2565 964 2666 insignis,
986 2588 1132 2637 morum
1153 2587 1245 2663 pro-

173 2674 289 2753 bitate
311 2679 472 2780 pollens,
490 2682 749 2758 miraculorum
766 2681 989 2757 exhibitione
1008 2676 1242 2755 admirabilis.

172 2794 267 2877 Erat
292 2811 524 2898 contemptor
539 2799 680 2889 saeculi,
699 2815 839 2874 amator
862 2799 927 2872 Dei
952 2812 990 2872 ct
1010 2796 1187 2898 proximi,
1209 2812 1247 2869 ct

176 2913 236 2986 cui
258 2913 378 2990 vivere
401 2915 564 2990 Christus
586 2932 663 2993 erat
684 2934 721 2992 et
740 2918 834 2992 mori
855 2917 1011 2990 lucrum.
1036 2911 1242 3003 Reddehat,

177 3043 220 3103 nt
235 3055 330 3130 saepe
348 3033 423 3131 jam
445 3031 619 3122 diximus,
641 3036 744 3109 caecis
764 3035 898 3123 visum,
921 3034 1037 3108 surdis
1060 3032 1243 3118 auditum,

176 3145 312 3221 claudis
328 3174 511 3249 gressum,
525 3151 636 3225 mutis
649 3151 850 3255 loquelam,
866 3178 907 3225 ac
921 3165 1086 3225 mortuos
1104 3173 1248 3224 revoca·

176 3261 242 3337 hat
253 3263 298 3336 ad
314 3265 437 3340 vitam.
455 3268 548 3342 Sunt
568 3270 687 3343 et‘alia
702 3270 836 3362 multa,
852 3285 893 3343 ut
910 3269 1120 3344 Aurelianus
1136 3265 1245 3353 dicit,

177 3383 526 3458 commemoratione
556 3383 683 3487 digna,
712 3414 795 3490 quse
826 3414 892 3487 per
916 3413 999 3461 cum
1023 3399 1180 3487 operata·
1195 3397 1247 3455 est

177 3495 316 3572 Christi
333 3501 465 3600 gratia3
483 3528 565 3602 quse
583 3504 612 3577 si
627 3504 757 3579 litteris
774 3503 1032 3594 scriberentur,
1050 3527 1156 3577 anon
1169 3526 1248 3574 cre-

178 3612 350 3690 dentibus
366 3617 571 3719 apocrypba
587 3619 807 3695 dicerentur.

228 3731 340 3810 Auno
356 3733 549 3811 dominicae
566 3738 839 3813 resurrectionis
856 3746 936 3829 xt0,
961 3734 1106 3838 quando
1124 3733 1248 3808 butus

172 3854 347 3954 pontifex
368 3857 543 3932 Martialis
563 3876 684 3936 oraret
704 3860 834 3950 solito,
854 3885 935 3934 ecce
954 3858 1132 3933 Dominus
1148 3857 1249 3929 lesus

177 3967 345 4045 Christus
354 3998 437 4046 cum
449 3975 633 4078 discipulis
645 3977 716 4050 suis
728 3977 765 4050 in
776 3975 966 4078 splendore
976 3977 1007 4052 ei
1017 3975 1201 4076 apparuit,
1213 3989 1250 4047 et

178 4087 418 4167 amicabiliter
430 4119 514 4194 eum
529 4095 684 4169 salutans
697 4095 855 4186 vocavit,
870 4094 974 4196 eique
987 4090 1250 4196 quintumdeci-

181 4228 286 4277 mum
303 4205 400 4281 diem
417 4210 639 4312 migrationis
656 4216 730 4314 ejus
748 4213 793 4288 de
812 4212 1163 4290 muudotermiuum
1178 4233 1251 4285 esso
