2894 4958
543 439 660 504 Llasstt
681 440 892 505 SECUNDUS.
1197 445 1263 504 283'

185 565 319 636 siarum
345 560 490 634 Achaiae
519 585 640 635 coram
667 563 774 661 positi
802 562 992 647 viderunt,
1022 574 1058 633 et
1083 562 1258 635 universis

185 681 340 755 ecclesiis
354 704 419 779 per
434 695 590 779 quatuor
604 679 744 751 climata
760 677 885 753 mundi
898 678 1104 752 constitutis
1118 678 1258 753 utiliter

186 814 223 871 et
243 798 428 898 eleganter
442 797 676 896 scripserunt.

235 915 349 1015 Egeas
369 912 565 1011 proconsul
587 911 632 985 dt
653 910 862 985 Macedonia
880 938 1058 1012 regressus
1072 912 1175 986 venit
1191 914 1258 984 Pa-

186 1047 279 1120 tras,
295 1046 444 1133 quaeest
457 1031 580 1104 civitas
594 1028 759 1118 Achaiae,
775 1045 812 1101 et
824 1028 1008 1102 credentes
1025 1027 1169 1104 Christo
1186 1053 1259 1102 coe·

184 1151 241 1249 pit
269 1149 513 1247 aduenticia
545 1147 727 1222 idolorum
756 1147 985 1246 compellere.
1017 1149 1085 1218 Cui
1114 1164 1258 1221 sanctus

184 1265 346 1341 Andreas
374 1269 558 1356 occurrit,
583 1268 772 1366 ipsumque
798 1263 1075 1339 rationabilibus
1091 1265 1198 1338 dictis
1214 1266 1258 1339 ad

184 1411 309 1460 veram
333 1385 439 1460 fidem
464 1384 618 1459 invitare
637 1385 776 1485 sategit.
803 1384 873 1456 Sed
891 1385 929 1456 in
947 1383 1153 1458 malivolam
1176 1385 1259 1457 ani-

184 1524 283 1572 mam
308 1502 479 1600 sapientia
506 1526 583 1575 non
612 1499 793 1572 introivit.
818 1499 955 1573 Verum
981 1498 1099 1599 largus
1126 1497 1258 1572 divine

184 1617 412 1718 dispensator
441 1617 595 1718 sophiae,
626 1617 791 1718 quamvis
817 1617 930 1716 impio
960 1640 1037 1689 non
1064 1615 1260 1716 profuisset

184 1735 311 1836 Egere,
337 1736 414 1808 aliis
436 1752 574 1824 umen,
599 1737 662 1836 qui
685 1735 928 1834 praedestinati
947 1749 1051 1807 erant
1067 1734 1110 1807 ad
1126 1736 1257 1824 vitam,

184 1851 341 1927 uberem·
361 1854 519 1928 coelestis
547 1853 725 1927 doctrinae
756 1852 922 1953 proludit
951 1854 1172 1926 alimoniam.
1207 1855 1259 1926 De

184 1972 364 2069 mysterio
378 1972 493 2043 crucis
507 1969 662 2043 multum
677 1970 874 2069 prudenter
888 1972 1073 2059 tractavit,
1086 1992 1152 2042 cur
1164 1970 1259 2044 Deus
1344 2019 1352 2050 .

183 2084 298 2160 bomo
317 2087 432 2158 factus
448 2103 502 2160 est
515 2102 553 2160 et
567 2111 688 2186 passus
704 2084 845 2188 liquido
866 2085 1053 2174 disseruit,
1076 2083 1259 2160 ordinem·

183 2222 258 2304 qtae
278 2202 472 2276 dominicae
497 2203 690 2304 passionis,
715 2220 752 2277 et
772 2224 1005 2278 communem
1026 2201 1174 2276 humani
1196 2227 1259 2304 ge·

185 2318 284 2390 neris
308 2318 515 2417 profectum
542 2315 745 2394 luculenter
764 2319 1000 2419 deprompsit.
1027 2320 1120 2391 llinc
1148 2319 1258 2390 iratus

183 2435 297 2534 Egeas
319 2435 523 2534 apostolum
542 2434 831 2535 comprehendit,
855 2450 891 2508 et
910 2435 947 2507 in
967 2459 1109 2508 carcere
1132 2448 1257 2508 retru-

184 2554 254 2642 sit,
271 2548 315 2622 ad
333 2574 441 2650 (suem
457 2548 657 2624 multitudo
675 2576 768 2651 pene
787 2551 897 2624 totius
919 2550 1118 2650 provinciae
1134 2549 1255 2639 venit5

185 2666 236 2738 ita
262 2683 304 2738 ut
326 2670 458 2768 Egeam
485 2667 619 2741 vellent
644 2668 824 2757 occidere,
848 2684 886 2743 et
911 2668 1113 2770 apostolum
1134 2665 1258 2740 fractis

181 2785 302 2884 jannis
318 2784 484 2858 liberare.
506 2786 666 2860 Andreas
683 2804 805 2860 autem
825 2787 1039 2860 salutaribus
1056 2812 1115 2860 eos
1137 2786 1258 2858 moni-

186 2902 232 2975 tis
254 2905 494 3002 compescuit,
524 2928 591 3003 per
614 2918 728 2977 totam
746 2921 892 2978 noctem
908 2904 1073 2994 edocuit,
1089 2903 1258 2976 Domini-

183 3042 258 3121 qne
280 3022 360 3094 Jesn
385 3022 595 3120 patientiam
613 3022 656 3093 ad
674 3023 886 3095 memoriam
910 3022 1109 3110 revocavit3
1137 3046 1258 3120 popu-

186 3138 353 3239 lumque,
370 3142 425 3213 ⁴ne
455 3140 655 3239 passionem
681 3167 779 3213 suam
801 3140 1009 3240 impediret,
1030 3123 1258 3238 sum'mopere

186 3256 341 3354 rogavit.

234 3373 408 3472 Sequenti
434 3372 493 3446 die
517 3375 850 3475 proconsulssgeas
868 3375 966 3447 misit
987 3399 1028 3447 ac
1048 3372 1145 3446 adse
1167 3397 1258 3472 apo·
1372 3360 1377 3366 ⁴

186 3488 319 3563 stolum
334 3488 475 3577 eduxit,
495 3508 530 3563 ct
548 3490 671 3565 sedens
687 3517 757 3591 pro
777 3490 949 3564 tribunali
969 3490 1136 3564 seducere
1153 3488 1256 3562 illurn

186 3607 342 3695 studuit;
365 3609 426 3681 sed
445 3610 481 3680 in
500 3611 576 3684 Deo
593 3609 763 3682 fundatus
781 3626 907 3682 contra
929 3609 1044 3681 minas
1058 3623 1095 3681 et
1113 3605 1257 3679 blandi-

185 3740 308 3798 mentu
323 3724 469 3798 fortiter
489 3726 659 3825 perstitit.
676 3726 838 3799 Tandem
855 3728 965 3826 Egens
980 3749 1099 3798 euma
1120 3739 1257 3824 septem

187 3839 416 3914 ternionibus
429 3841 576 3944 flagellis
589 3843 676 3915 caedi
692 3860 879 3916 extensum
893 3843 1084 3942 praecepit;
1100 3841 1161 3916 sed
1172 3856 1257 3942 post

186 3957 336 4033 verbera
353 3958 460 4034 fortis
483 3960 615 4036 athleta
633 3961 768 4035 Cbristi
788 3959 929 4034 laudem
950 3962 1066 4034 mucis
1084 3959 1255 4061 praedica·

186 4078 259 4160 vit,
284 4090 322 4149 et
346 4076 481 4151 furenti
510 4095 669 4179 tyranno
695 4106 792 4154 seras
819 4093 1026 4153 constanter
1046 4079 1256 4154 amernoncs

188 4192 380 4266 intimavit.
