<?xml version="1.0" encoding="UTF-8"?>
<!DOCTYPE html PUBLIC "-//W3C//DTD XHTML 1.0 Transitional//EN"
    "http://www.w3.org/TR/xhtml1/DTD/xhtml1-transitional.dtd">
<html xmlns="http://www.w3.org/1999/xhtml" xml:lang="en" lang="en">
 <head>
  <title>
</title>
<meta http-equiv="Content-Type" content="text/html;charset=utf-8" />
  <meta name='ocr-system' content='tesseract 3.04.00' />
  <meta name='ocr-capabilities' content='ocr_page ocr_carea ocr_par ocr_line ocrx_word'/>
</head>
<body>
  <div class='ocr_page' id='page_1' title='image "./ordericivitalis02deligoog/ordericivitalis02deligoog_0452.png"; bbox 0 0 2894 4958; ppageno 0'>
   <div class='ocr_carea' id='block_1_1' title="bbox 537 384 1246 457">
    <p class='ocr_par' dir='ltr' id='par_1_1' title="bbox 537 384 1246 457">
     <span class='ocr_line' id='line_1_1' title="bbox 537 384 1246 457; baseline 0.011 -10"><span class='ocrx_word' id='word_1_1' title='bbox 537 389 653 449; x_wconf 85' lang='lat' dir='ltr'>LIBER</span> <span class='ocrx_word' id='word_1_2' title='bbox 673 384 883 453; x_wconf 78' lang='lat' dir='ltr'><strong>SECUNDUS.</strong></span> <span class='ocrx_word' id='word_1_3' title='bbox 1187 395 1246 457; x_wconf 79' lang='lat'><strong>439</strong></span> 
     </span>
    </p>
   </div>
   <div class='ocr_carea' id='block_1_2' title="bbox 180 505 1328 3870">
    <p class='ocr_par' dir='ltr' id='par_1_2' title="bbox 184 505 1246 725">
     <span class='ocr_line' id='line_1_2' title="bbox 184 505 1246 611; baseline 0 -26"><span class='ocrx_word' id='word_1_4' title='bbox 184 509 388 611; x_wconf 87' lang='lat' dir='ltr'><strong>apostolum</strong></span> <span class='ocrx_word' id='word_1_5' title='bbox 401 521 440 579; x_wconf 82' lang='grc' dir='ltr'><strong>ιιο</strong></span> <span class='ocrx_word' id='word_1_6' title='bbox 449 507 519 579; x_wconf 84' lang='lat' dir='ltr'><strong>kal.</strong></span> <span class='ocrx_word' id='word_1_7' title='bbox 539 505 698 580; x_wconf 77' lang='lat' dir='ltr'><strong>octobris</strong></span> <span class='ocrx_word' id='word_1_8' title='bbox 710 508 867 606; x_wconf 88' lang='lat' dir='ltr'><strong>sepultus</strong></span> <span class='ocrx_word' id='word_1_9' title='bbox 881 524 947 598; x_wconf 89' lang='lat' dir='ltr'><strong>est,</strong></span> <span class='ocrx_word' id='word_1_10' title='bbox 961 526 997 583; x_wconf 86' lang='lat' dir='ltr'><strong>et</strong></span> <span class='ocrx_word' id='word_1_11' title='bbox 1011 514 1157 583; x_wconf 89' lang='lat' dir='ltr'><strong>cessavit</strong></span> <span class='ocrx_word' id='word_1_12' title='bbox 1167 515 1246 611; x_wconf 93' lang='lat' dir='ltr'><strong>epi-</strong></span> 
     </span>
     <span class='ocr_line' id='line_1_3' title="bbox 185 620 928 725; baseline -0.007 -24"><span class='ocrx_word' id='word_1_13' title='bbox 185 641 348 725; x_wconf 89' lang='lat' dir='ltr'><strong>scopatus</strong></span> <span class='ocrx_word' id='word_1_14' title='bbox 364 620 545 695; x_wconf 88' lang='lat' dir='ltr'><strong>mensibus</strong></span> <span class='ocrx_word' id='word_1_15' title='bbox 563 647 588 693; x_wconf 99' lang='grc' dir='ltr'><strong>ιι</strong></span> <span class='ocrx_word' id='word_1_16' title='bbox 607 621 731 696; x_wconf 90' lang='lat' dir='ltr'><strong>diebus</strong></span> <span class='ocrx_word' id='word_1_17' title='bbox 747 648 840 695; x_wconf 84' lang='lat' dir='ltr'><strong>xxm</strong></span> <span class='ocrx_word' id='word_1_18' title='bbox 856 626 872 720; x_wconf 89' lang='lat'>(</span> <span class='ocrx_word' id='word_1_19' title='bbox 897 624 928 723; x_wconf 84' lang='grc'><strong>).</strong></span> 
     </span>
    </p>

    <p class='ocr_par' dir='ltr' id='par_1_3' title="bbox 180 737 1328 3870">
     <span class='ocr_line' id='line_1_4' title="bbox 233 737 1247 841; baseline 0.001 -26"><span class='ocrx_word' id='word_1_20' title='bbox 233 742 376 841; x_wconf 79' lang='lat' dir='ltr'><strong>Sergius</strong></span> <span class='ocrx_word' id='word_1_21' title='bbox 394 740 525 838; x_wconf 86' lang='lat' dir='ltr'><strong>Syrus,</strong></span> <span class='ocrx_word' id='word_1_22' title='bbox 547 765 590 810; x_wconf 88' lang='lat' dir='ltr'><strong>ex</strong></span> <span class='ocrx_word' id='word_1_23' title='bbox 609 737 820 826; x_wconf 83' lang='lat' dir='ltr'><strong>Antiochia,</strong></span> <span class='ocrx_word' id='word_1_24' title='bbox 841 739 885 812; x_wconf 88' lang='lat' dir='ltr'><strong>de</strong></span> <span class='ocrx_word' id='word_1_25' title='bbox 901 756 1002 839; x_wconf 89' lang='lat' dir='ltr'><strong>patre</strong></span> <span class='ocrx_word' id='word_1_26' title='bbox 1020 740 1188 833; x_wconf 82' lang='lat' dir='ltr'><strong>Tiberio,</strong></span> <span class='ocrx_word' id='word_1_27' title='bbox 1209 745 1247 817; x_wconf 91' lang='lat' dir='ltr'><strong>in</strong></span> 
     </span>
     <span class='ocr_line' id='line_1_5' title="bbox 186 851 1276 942; baseline 0 -10"><span class='ocrx_word' id='word_1_28' title='bbox 186 863 365 933; x_wconf 90' lang='lat' dir='ltr'><strong>Panormo</strong></span> <span class='ocrx_word' id='word_1_29' title='bbox 387 854 537 942; x_wconf 76' lang='lat' dir='ltr'><strong>Siciliae,</strong></span> <span class='ocrx_word' id='word_1_30' title='bbox 561 851 651 926; x_wconf 88' lang='lat' dir='ltr'><strong>sedit</strong></span> <span class='ocrx_word' id='word_1_31' title='bbox 670 855 772 927; x_wconf 89' lang='lat' dir='ltr'><strong>annis</strong></span> <span class='ocrx_word' id='word_1_32' title='bbox 792 880 860 927; x_wconf 87' lang='lat' dir='ltr'><strong>xm</strong></span> <span class='ocrx_word' id='word_1_33' title='bbox 882 856 1062 929; x_wconf 88' lang='lat' dir='ltr'><strong>mensibus</strong></span> <span class='ocrx_word' id='word_1_34' title='bbox 1082 884 1149 930; x_wconf 86' lang='lat' dir='ltr'><strong>vm</strong></span> <span class='ocrx_word' id='word_1_35' title='bbox 1170 858 1248 933; x_wconf 90' lang='lat' dir='ltr'><strong>die·</strong></span> <span class='ocrx_word' id='word_1_36' title='bbox 1271 873 1276 881; x_wconf 83' lang='lat'>&#39;</span> 
     </span>
     <span class='ocr_line' id='line_1_6' title="bbox 186 971 1249 1070; baseline 0.002 -24"><span class='ocrx_word' id='word_1_37' title='bbox 186 974 253 1048; x_wconf 93' lang='lat' dir='ltr'><strong>bus</strong></span> <span class='ocrx_word' id='word_1_38' title='bbox 269 999 381 1060; x_wconf 84' lang='lat' dir='ltr'><strong>xxm,</strong></span> <span class='ocrx_word' id='word_1_39' title='bbox 399 987 559 1069; x_wconf 88' lang='lat' dir='ltr'><strong>tempore</strong></span> <span class='ocrx_word' id='word_1_40' title='bbox 578 971 768 1043; x_wconf 90' lang='lat' dir='ltr'><strong>Justiniani</strong></span> <span class='ocrx_word' id='word_1_41' title='bbox 789 971 960 1070; x_wconf 84' lang='lat' dir='ltr'><strong>Augusti,</strong></span> <span class='ocrx_word' id='word_1_42' title='bbox 981 972 1045 1045; x_wconf 82' lang='lat' dir='ltr'><strong>filii</strong></span> <span class='ocrx_word' id='word_1_43' title='bbox 1066 973 1249 1048; x_wconf 89' lang='lat' dir='ltr'><strong>Constan-</strong></span> 
     </span>
     <span class='ocr_line' id='line_1_7' title="bbox 185 1087 1249 1191; baseline -0.003 -26"><span class='ocrx_word' id='word_1_44' title='bbox 185 1094 267 1165; x_wconf 85' lang='lat' dir='ltr'><strong>tini.</strong></span> <span class='ocrx_word' id='word_1_45' title='bbox 313 1088 493 1162; x_wconf 79' lang='lat' dir='ltr'><strong>Defuncto</strong></span> <span class='ocrx_word' id='word_1_46' title='bbox 528 1087 678 1160; x_wconf 85' lang='lat' dir='ltr'><strong>Conone</strong></span> <span class='ocrx_word' id='word_1_47' title='bbox 713 1114 825 1186; x_wconf 92' lang='lat' dir='ltr'><strong>papa,</strong></span> <span class='ocrx_word' id='word_1_48' title='bbox 865 1116 945 1186; x_wconf 87' lang='lat' dir='ltr'><strong>pars</strong></span> <span class='ocrx_word' id='word_1_49' title='bbox 981 1091 1104 1189; x_wconf 93' lang='lat' dir='ltr'><strong>populi</strong></span> <span class='ocrx_word' id='word_1_50' title='bbox 1142 1093 1249 1191; x_wconf 86' lang='lat' dir='ltr'><strong>elegit</strong></span> 
     </span>
     <span class='ocr_line' id='line_1_8' title="bbox 185 1202 1249 1305; baseline -0.002 -23"><span class='ocrx_word' id='word_1_51' title='bbox 185 1206 418 1282; x_wconf 86' lang='lat' dir='ltr'><strong>Theodorum</strong></span> <span class='ocrx_word' id='word_1_52' title='bbox 435 1202 806 1304; x_wconf 84' lang='lat' dir='ltr'><strong>archipresbyterum,</strong></span> <span class='ocrx_word' id='word_1_53' title='bbox 825 1233 906 1305; x_wconf 90' lang='lat' dir='ltr'><strong>pars</strong></span> <span class='ocrx_word' id='word_1_54' title='bbox 921 1207 1030 1279; x_wconf 88' lang='lat' dir='ltr'><strong>altera</strong></span> <span class='ocrx_word' id='word_1_55' title='bbox 1046 1207 1249 1281; x_wconf 89' lang='lat' dir='ltr'><strong>Paschalem</strong></span> 
     </span>
     <span class='ocr_line' id='line_1_9' title="bbox 185 1320 1249 1413; baseline -0.003 -15"><span class='ocrx_word' id='word_1_56' title='bbox 185 1324 483 1398; x_wconf 81' lang='lat' dir='ltr'><strong>archidiaconem.</strong></span> <span class='ocrx_word' id='word_1_57' title='bbox 503 1320 571 1394; x_wconf 91' lang='lat' dir='ltr'><strong>Sed</strong></span> <span class='ocrx_word' id='word_1_58' title='bbox 590 1320 678 1393; x_wconf 89' lang='lat' dir='ltr'><strong>dum</strong></span> <span class='ocrx_word' id='word_1_59' title='bbox 701 1322 809 1394; x_wconf 90' lang='lat' dir='ltr'><strong>nimia</strong></span> <span class='ocrx_word' id='word_1_60' title='bbox 827 1322 998 1395; x_wconf 90' lang='lat' dir='ltr'><strong>dissentio</strong></span> <span class='ocrx_word' id='word_1_61' title='bbox 1021 1323 1141 1413; x_wconf 87' lang='lat' dir='ltr'><strong>fieret,</strong></span> <span class='ocrx_word' id='word_1_62' title='bbox 1163 1326 1249 1398; x_wconf 90' lang='lat' dir='ltr'><strong>Ser-</strong></span> 
     </span>
     <span class='ocr_line' id='line_1_10' title="bbox 186 1435 1249 1545; baseline -0.004 -28"><span class='ocrx_word' id='word_1_63' title='bbox 186 1447 264 1545; x_wconf 84' lang='lat' dir='ltr'><strong>gius</strong></span> <span class='ocrx_word' id='word_1_64' title='bbox 277 1471 296 1514; x_wconf 90' lang='lat' dir='ltr'><strong>a</strong></span> <span class='ocrx_word' id='word_1_65' title='bbox 309 1442 405 1536; x_wconf 81' lang='lat' dir='ltr'><strong>clero</strong></span> <span class='ocrx_word' id='word_1_66' title='bbox 419 1440 550 1512; x_wconf 89' lang='lat' dir='ltr'><strong>electus</strong></span> <span class='ocrx_word' id='word_1_67' title='bbox 566 1453 631 1511; x_wconf 88' lang='lat' dir='ltr'><strong>est.</strong></span> <span class='ocrx_word' id='word_1_68' title='bbox 650 1435 823 1510; x_wconf 84' lang='lat' dir='ltr'><strong>Pascbalis</strong></span> <span class='ocrx_word' id='word_1_69' title='bbox 840 1463 925 1511; x_wconf 85' lang='lat' dir='ltr'><strong>vero</strong></span> <span class='ocrx_word' id='word_1_70' title='bbox 936 1440 1066 1512; x_wconf 83' lang='lat' dir='ltr'><strong>Joanni</strong></span> <span class='ocrx_word' id='word_1_71' title='bbox 1080 1440 1249 1513; x_wconf 91' lang='lat' dir='ltr'><strong>Plantino</strong></span> 
     </span>
     <span class='ocr_line' id='line_1_11' title="bbox 187 1553 1250 1657; baseline -0.006 -23"><span class='ocrx_word' id='word_1_72' title='bbox 187 1557 338 1635; x_wconf 86' lang='lat' dir='ltr'><strong>exarcho</strong></span> <span class='ocrx_word' id='word_1_73' title='bbox 356 1558 447 1629; x_wconf 91' lang='lat' dir='ltr'><strong>clam</strong></span> <span class='ocrx_word' id='word_1_74' title='bbox 460 1557 618 1655; x_wconf 90' lang='lat' dir='ltr'><strong>pretium</strong></span> <span class='ocrx_word' id='word_1_75' title='bbox 635 1553 752 1643; x_wconf 86' lang='lat' dir='ltr'><strong>dedit,</strong></span> <span class='ocrx_word' id='word_1_76' title='bbox 773 1583 839 1654; x_wconf 90' lang='lat' dir='ltr'><strong>per</strong></span> <span class='ocrx_word' id='word_1_77' title='bbox 852 1583 934 1627; x_wconf 90' lang='lat' dir='ltr'><strong>eum</strong></span> <span class='ocrx_word' id='word_1_78' title='bbox 952 1557 1129 1631; x_wconf 85' lang='lat' dir='ltr'><strong>violenter</strong></span> <span class='ocrx_word' id='word_1_79' title='bbox 1142 1585 1250 1657; x_wconf 88' lang='lat' dir='ltr'><strong>papa-</strong></span> 
     </span>
     <span class='ocr_line' id='line_1_12' title="bbox 188 1672 1248 1774; baseline -0.006 -22"><span class='ocrx_word' id='word_1_80' title='bbox 188 1696 264 1752; x_wconf 92' lang='lat' dir='ltr'><strong>tum</strong></span> <span class='ocrx_word' id='word_1_81' title='bbox 285 1676 450 1748; x_wconf 87' lang='lat' dir='ltr'><strong>invadere</strong></span> <span class='ocrx_word' id='word_1_82' title='bbox 474 1674 617 1760; x_wconf 88' lang='lat' dir='ltr'><strong>volens,</strong></span> <span class='ocrx_word' id='word_1_83' title='bbox 646 1673 707 1745; x_wconf 93' lang='lat' dir='ltr'><strong>sed</strong></span> <span class='ocrx_word' id='word_1_84' title='bbox 727 1673 872 1744; x_wconf 79' lang='lat' dir='ltr'><strong>frustra.</strong></span> <span class='ocrx_word' id='word_1_85' title='bbox 897 1672 979 1746; x_wconf 90' lang='lat' dir='ltr'><strong>Non</strong></span> <span class='ocrx_word' id='word_1_86' title='bbox 1005 1674 1122 1748; x_wconf 90' lang='lat' dir='ltr'><strong>multo</strong></span> <span class='ocrx_word' id='word_1_87' title='bbox 1143 1693 1248 1774; x_wconf 90' lang='lat' dir='ltr'><strong>post,</strong></span> 
     </span>
     <span class='ocr_line' id='line_1_13' title="bbox 186 1789 1250 1897; baseline -0.007 -27"><span class='ocrx_word' id='word_1_88' title='bbox 186 1823 253 1897; x_wconf 91' lang='lat' dir='ltr'><strong>pro</strong></span> <span class='ocrx_word' id='word_1_89' title='bbox 269 1792 480 1895; x_wconf 91' lang='lat' dir='ltr'><strong>quibusdam</strong></span> <span class='ocrx_word' id='word_1_90' title='bbox 501 1789 805 1864; x_wconf 87' lang='lat' dir='ltr'><strong>incantationibus</strong></span> <span class='ocrx_word' id='word_1_91' title='bbox 822 1790 953 1890; x_wconf 91' lang='lat' dir='ltr'><strong>quihus</strong></span> <span class='ocrx_word' id='word_1_92' title='bbox 969 1790 1185 1880; x_wconf 84' lang='lat' dir='ltr'><strong>inhaerebat,</strong></span> <span class='ocrx_word' id='word_1_93' title='bbox 1205 1791 1250 1864; x_wconf 89' lang='lat' dir='ltr'><strong>ab</strong></span> 
     </span>
     <span class='ocr_line' id='line_1_14' title="bbox 186 1907 1249 2006; baseline -0.005 -22"><span class='ocrx_word' id='word_1_94' title='bbox 186 1908 474 1984; x_wconf 87' lang='lat' dir='ltr'><strong>archidiaconatu</strong></span> <span class='ocrx_word' id='word_1_95' title='bbox 486 1912 616 2005; x_wconf 75' lang='lat' dir='ltr'><strong>eJectus</strong></span> <span class='ocrx_word' id='word_1_96' title='bbox 630 1922 683 1979; x_wconf 90' lang='lat' dir='ltr'><strong>est</strong></span> <span class='ocrx_word' id='word_1_97' title='bbox 691 1960 703 1994; x_wconf 93' lang='lat'><strong>,</strong></span> <span class='ocrx_word' id='word_1_98' title='bbox 723 1921 759 1978; x_wconf 93' lang='lat' dir='ltr'><strong>et</strong></span> <span class='ocrx_word' id='word_1_99' title='bbox 771 1922 853 2004; x_wconf 89' lang='lat' dir='ltr'><strong>post</strong></span> <span class='ocrx_word' id='word_1_100' title='bbox 868 1907 1160 2006; x_wconf 90' lang='lat' dir='ltr'><strong>quinquennium</strong></span> <span class='ocrx_word' id='word_1_101' title='bbox 1178 1909 1249 1979; x_wconf 92' lang='lat' dir='ltr'><strong>im-</strong></span> 
     </span>
     <span class='ocr_line' id='line_1_15' title="bbox 186 2021 1251 2126; baseline -0.005 -26"><span class='ocrx_word' id='word_1_102' title='bbox 186 2027 609 2126; x_wconf 89' lang='lat' dir='ltr'><strong>poenitensmortuusest.</strong></span> <span class='ocrx_word' id='word_1_103' title='bbox 621 2021 841 2092; x_wconf 88' lang='lat' dir='ltr'><strong>Justinianus</strong></span> <span class='ocrx_word' id='word_1_104' title='bbox 851 2022 1046 2119; x_wconf 87' lang='lat' dir='ltr'><strong>imperator</strong></span> <span class='ocrx_word' id='word_1_105' title='bbox 1056 2023 1251 2095; x_wconf 90' lang='lat' dir='ltr'><strong>concilium</strong></span> 
     </span>
     <span class='ocr_line' id='line_1_16' title="bbox 188 2137 1328 2241; baseline -0.003 -25"><span class='ocrx_word' id='word_1_106' title='bbox 188 2147 223 2216; x_wconf 92' lang='lat' dir='ltr'><strong>in</strong></span> <span class='ocrx_word' id='word_1_107' title='bbox 238 2141 328 2215; x_wconf 89' lang='lat' dir='ltr'><strong>urbe</strong></span> <span class='ocrx_word' id='word_1_108' title='bbox 342 2141 435 2241; x_wconf 83' lang='lat' dir='ltr'><strong>regia</strong></span> <span class='ocrx_word' id='word_1_109' title='bbox 454 2139 669 2238; x_wconf 87' lang='lat' dir='ltr'><strong>fierijussit,</strong></span> <span class='ocrx_word' id='word_1_110' title='bbox 685 2137 803 2238; x_wconf 91' lang='lat' dir='ltr'><strong>quod,</strong></span> <span class='ocrx_word' id='word_1_111' title='bbox 818 2139 991 2238; x_wconf 89' lang='lat' dir='ltr'><strong>imperiali</strong></span> <span class='ocrx_word' id='word_1_112' title='bbox 1006 2166 1116 2212; x_wconf 89' lang='lat' dir='ltr'><strong>mauu</strong></span> <span class='ocrx_word' id='word_1_113' title='bbox 1130 2141 1254 2213; x_wconf 89' lang='lat' dir='ltr'><strong>firma·</strong></span> <span class='ocrx_word' id='word_1_114' title='bbox 1319 2180 1328 2203; x_wconf 82' lang='lat'><strong>.·</strong></span> 
     </span>
     <span class='ocr_line' id='line_1_17' title="bbox 187 2256 1251 2356; baseline -0.003 -23"><span class='ocrx_word' id='word_1_115' title='bbox 187 2276 285 2348; x_wconf 92' lang='lat' dir='ltr'><strong>tum,</strong></span> <span class='ocrx_word' id='word_1_116' title='bbox 301 2260 453 2333; x_wconf 86' lang='lat' dir='ltr'><strong>Romam</strong></span> <span class='ocrx_word' id='word_1_117' title='bbox 467 2257 591 2356; x_wconf 86' lang='lat' dir='ltr'><strong>Sergio</strong></span> <span class='ocrx_word' id='word_1_118' title='bbox 608 2282 708 2354; x_wconf 88' lang='lat' dir='ltr'><strong>papae</strong></span> <span class='ocrx_word' id='word_1_119' title='bbox 722 2281 787 2354; x_wconf 90' lang='lat' dir='ltr'><strong>per</strong></span> <span class='ocrx_word' id='word_1_120' title='bbox 801 2256 963 2354; x_wconf 84' lang='lat' dir='ltr'><strong>Sergium</strong></span> <span class='ocrx_word' id='word_1_121' title='bbox 980 2257 1251 2356; x_wconf 83' lang='lat' dir='ltr'><strong>magistrianum</strong></span> 
     </span>
     <span class='ocr_line' id='line_1_18' title="bbox 180 2373 1253 2474; baseline 0.001 -26"><span class='ocrx_word' id='word_1_122' title='bbox 180 2378 297 2450; x_wconf 84' lang='lat' dir='ltr'><strong>misit.</strong></span> <span class='ocrx_word' id='word_1_123' title='bbox 318 2375 387 2449; x_wconf 90' lang='lat' dir='ltr'><strong>Sed</strong></span> <span class='ocrx_word' id='word_1_124' title='bbox 411 2375 489 2463; x_wconf 85' lang='lat' dir='ltr'><strong>iile,</strong></span> <span class='ocrx_word' id='word_1_125' title='bbox 518 2375 601 2474; x_wconf 93' lang='lat' dir='ltr'><strong>quia</strong></span> <span class='ocrx_word' id='word_1_126' title='bbox 624 2373 790 2474; x_wconf 86' lang='lat' dir='ltr'><strong>quaedam</strong></span> <span class='ocrx_word' id='word_1_127' title='bbox 811 2375 990 2445; x_wconf 89' lang='lat' dir='ltr'><strong>contraria</strong></span> <span class='ocrx_word' id='word_1_128' title='bbox 1015 2374 1253 2449; x_wconf 82' lang='lat' dir='ltr'><strong>ecclesiastico</strong></span> 
     </span>
     <span class='ocr_line' id='line_1_19' title="bbox 186 2488 1254 2591; baseline -0.001 -26"><span class='ocrx_word' id='word_1_129' title='bbox 186 2492 343 2591; x_wconf 83' lang='lat' dir='ltr'><strong>dogmati</strong></span> <span class='ocrx_word' id='word_1_130' title='bbox 357 2490 490 2564; x_wconf 92' lang='lat' dir='ltr'><strong>ibidem</strong></span> <span class='ocrx_word' id='word_1_131' title='bbox 503 2492 634 2563; x_wconf 86' lang='lat' dir='ltr'><strong>inserta</strong></span> <span class='ocrx_word' id='word_1_132' title='bbox 648 2504 768 2576; x_wconf 92' lang='lat' dir='ltr'><strong>erant,</strong></span> <span class='ocrx_word' id='word_1_133' title='bbox 783 2488 1007 2563; x_wconf 86' lang='lat' dir='ltr'><strong>subscribere</strong></span> <span class='ocrx_word' id='word_1_134' title='bbox 1019 2489 1149 2563; x_wconf 87' lang='lat' dir='ltr'><strong>noluit.</strong></span> <span class='ocrx_word' id='word_1_135' title='bbox 1165 2489 1254 2564; x_wconf 85' lang='lat' dir='ltr'><strong>{nde</strong></span> 
     </span>
     <span class='ocr_line' id='line_1_20' title="bbox 188 2604 1254 2707; baseline -0.002 -28"><span class='ocrx_word' id='word_1_136' title='bbox 188 2607 348 2682; x_wconf 90' lang='lat' dir='ltr'><strong>turbatio</strong></span> <span class='ocrx_word' id='word_1_137' title='bbox 361 2634 488 2707; x_wconf 85' lang='lat' dir='ltr'><strong>magna</strong></span> <span class='ocrx_word' id='word_1_138' title='bbox 506 2621 586 2679; x_wconf 88' lang='lat' dir='ltr'><strong>orta</strong></span> <span class='ocrx_word' id='word_1_139' title='bbox 604 2621 669 2680; x_wconf 87' lang='lat' dir='ltr'><strong>est.</strong></span> <span class='ocrx_word' id='word_1_140' title='bbox 688 2604 875 2677; x_wconf 89' lang='lat' dir='ltr'><strong>Zacharias</strong></span> <span class='ocrx_word' id='word_1_141' title='bbox 890 2606 987 2679; x_wconf 93' lang='lat' dir='ltr'><strong>enim</strong></span> <span class='ocrx_word' id='word_1_142' title='bbox 1001 2605 1254 2705; x_wconf 89' lang='lat' dir='ltr'><strong>protospatha-</strong></span> 
     </span>
     <span class='ocr_line' id='line_1_21' title="bbox 187 2722 1253 2825; baseline -0.001 -28"><span class='ocrx_word' id='word_1_143' title='bbox 187 2727 261 2799; x_wconf 88' lang='lat' dir='ltr'><strong>rius</strong></span> <span class='ocrx_word' id='word_1_144' title='bbox 284 2723 329 2797; x_wconf 91' lang='lat' dir='ltr'><strong>ab</strong></span> <span class='ocrx_word' id='word_1_145' title='bbox 357 2727 523 2825; x_wconf 87' lang='lat' dir='ltr'><strong>Augusto</strong></span> <span class='ocrx_word' id='word_1_146' title='bbox 547 2725 700 2796; x_wconf 86' lang='lat' dir='ltr'><strong>Romam</strong></span> <span class='ocrx_word' id='word_1_147' title='bbox 724 2724 851 2794; x_wconf 90' lang='lat' dir='ltr'><strong>missus</strong></span> <span class='ocrx_word' id='word_1_148' title='bbox 876 2738 948 2810; x_wconf 89' lang='lat' dir='ltr'><strong>est,</strong></span> <span class='ocrx_word' id='word_1_149' title='bbox 978 2740 1018 2795; x_wconf 92' lang='lat' dir='ltr'><strong>ut</strong></span> <span class='ocrx_word' id='word_1_150' title='bbox 1042 2722 1253 2821; x_wconf 89' lang='lat' dir='ltr'><strong>pontificem</strong></span> 
     </span>
     <span class='ocr_line' id='line_1_22' title="bbox 188 2837 1288 2939; baseline 0 -28"><span class='ocrx_word' id='word_1_151' title='bbox 188 2838 506 2939; x_wconf 86' lang='lat' dir='ltr'><strong>comprehenderet</strong></span> <span class='ocrx_word' id='word_1_152' title='bbox 519 2854 555 2911; x_wconf 92' lang='lat' dir='ltr'><strong>et</strong></span> <span class='ocrx_word' id='word_1_153' title='bbox 571 2837 926 2935; x_wconf 89' lang='lat' dir='ltr'><strong>Constantinopolim</strong></span> <span class='ocrx_word' id='word_1_154' title='bbox 944 2837 1161 2934; x_wconf 88' lang='lat' dir='ltr'><strong>deportaret.</strong></span> <span class='ocrx_word' id='word_1_155' title='bbox 1179 2841 1254 2911; x_wconf 82' lang='lat' dir='ltr'><strong>Ve-</strong></span> <span class='ocrx_word' id='word_1_156' title='bbox 1282 2912 1288 2924; x_wconf 85' lang='lat'><strong>.</strong></span> 
     </span>
     <span class='ocr_line' id='line_1_23' title="bbox 187 2953 1253 3052; baseline -0.004 -24"><span class='ocrx_word' id='word_1_157' title='bbox 187 2983 288 3045; x_wconf 89' lang='lat' dir='ltr'><strong>rum,</strong></span> <span class='ocrx_word' id='word_1_158' title='bbox 307 2959 384 3029; x_wconf 90' lang='lat' dir='ltr'><strong>Deo</strong></span> <span class='ocrx_word' id='word_1_159' title='bbox 407 2957 605 3042; x_wconf 88' lang='lat' dir='ltr'><strong>excitante,</strong></span> <span class='ocrx_word' id='word_1_160' title='bbox 625 2955 809 3025; x_wconf 84' lang='lat' dir='ltr'><strong>Ravennas</strong></span> <span class='ocrx_word' id='word_1_161' title='bbox 833 2953 960 3023; x_wconf 90' lang='lat' dir='ltr'><strong>militia</strong></span> <span class='ocrx_word' id='word_1_162' title='bbox 989 2969 1025 3025; x_wconf 92' lang='lat' dir='ltr'><strong>et</strong></span> <span class='ocrx_word' id='word_1_163' title='bbox 1048 2953 1253 3052; x_wconf 87' lang='lat' dir='ltr'><strong>Pentapoli-</strong></span> 
     </span>
     <span class='ocr_line' id='line_1_24' title="bbox 189 3071 1253 3168; baseline -0.002 -23"><span class='ocrx_word' id='word_1_164' title='bbox 189 3075 262 3145; x_wconf 89' lang='lat' dir='ltr'><strong>tani</strong></span> <span class='ocrx_word' id='word_1_165' title='bbox 287 3075 438 3145; x_wconf 89' lang='lat' dir='ltr'><strong>Romam</strong></span> <span class='ocrx_word' id='word_1_166' title='bbox 456 3085 724 3157; x_wconf 88' lang='lat' dir='ltr'><strong>convenerunt,</strong></span> <span class='ocrx_word' id='word_1_167' title='bbox 744 3084 780 3142; x_wconf 91' lang='lat' dir='ltr'><strong>et</strong></span> <span class='ocrx_word' id='word_1_168' title='bbox 803 3086 923 3168; x_wconf 90' lang='lat' dir='ltr'><strong>portas</strong></span> <span class='ocrx_word' id='word_1_169' title='bbox 945 3071 1097 3143; x_wconf 88' lang='lat' dir='ltr'><strong>civitatis</strong></span> <span class='ocrx_word' id='word_1_170' title='bbox 1122 3089 1163 3143; x_wconf 90' lang='lat' dir='ltr'><strong>nt</strong></span> <span class='ocrx_word' id='word_1_171' title='bbox 1185 3073 1253 3144; x_wconf 86' lang='lat' dir='ltr'><strong>Za-</strong></span> 
     </span>
     <span class='ocr_line' id='line_1_25' title="bbox 188 3185 1254 3284; baseline -0.001 -23"><span class='ocrx_word' id='word_1_172' title='bbox 188 3189 344 3261; x_wconf 88' lang='lat' dir='ltr'><strong>chariam</strong></span> <span class='ocrx_word' id='word_1_173' title='bbox 359 3187 563 3261; x_wconf 89' lang='lat' dir='ltr'><strong>occiderent</strong></span> <span class='ocrx_word' id='word_1_174' title='bbox 575 3185 790 3258; x_wconf 86' lang='lat' dir='ltr'><strong>clauserunt.</strong></span> <span class='ocrx_word' id='word_1_175' title='bbox 811 3189 887 3284; x_wconf 90' lang='lat' dir='ltr'><strong>lpse</strong></span> <span class='ocrx_word' id='word_1_176' title='bbox 899 3212 985 3259; x_wconf 88' lang='lat' dir='ltr'><strong>vero</strong></span> <span class='ocrx_word' id='word_1_177' title='bbox 997 3188 1254 3260; x_wconf 90' lang='lat' dir='ltr'><strong>tremebundus</strong></span> 
     </span>
     <span class='ocr_line' id='line_1_26' title="bbox 188 3301 1253 3404; baseline 0 -25"><span class='ocrx_word' id='word_1_178' title='bbox 188 3309 226 3379; x_wconf 91' lang='lat' dir='ltr'><strong>in</strong></span> <span class='ocrx_word' id='word_1_179' title='bbox 241 3304 447 3379; x_wconf 90' lang='lat' dir='ltr'><strong>cubiculum</strong></span> <span class='ocrx_word' id='word_1_180' title='bbox 465 3302 645 3404; x_wconf 86' lang='lat' dir='ltr'><strong>pontificis</strong></span> <span class='ocrx_word' id='word_1_181' title='bbox 659 3302 772 3403; x_wconf 83' lang='lat' dir='ltr'><strong>fugit,</strong></span> <span class='ocrx_word' id='word_1_182' title='bbox 794 3318 830 3375; x_wconf 89' lang='lat' dir='ltr'><strong>et</strong></span> <span class='ocrx_word' id='word_1_183' title='bbox 847 3301 1022 3377; x_wconf 83' lang='lat' dir='ltr'><strong>subiecto</strong></span> <span class='ocrx_word' id='word_1_184' title='bbox 1038 3331 1106 3404; x_wconf 92' lang='lat' dir='ltr'><strong>pro</strong></span> <span class='ocrx_word' id='word_1_185' title='bbox 1122 3307 1253 3379; x_wconf 86' lang='lat' dir='ltr'><strong>timore</strong></span> 
     </span>
     <span class='ocr_line' id='line_1_27' title="bbox 187 3422 1254 3521; baseline -0.004 -23"><span class='ocrx_word' id='word_1_186' title='bbox 187 3426 314 3498; x_wconf 91' lang='lat' dir='ltr'><strong>mortis</strong></span> <span class='ocrx_word' id='word_1_187' title='bbox 330 3422 559 3498; x_wconf 90' lang='lat' dir='ltr'><strong>meticulosus</strong></span> <span class='ocrx_word' id='word_1_188' title='bbox 571 3422 727 3496; x_wconf 87' lang='lat' dir='ltr'><strong>delituit.</strong></span> <span class='ocrx_word' id='word_1_189' title='bbox 746 3427 907 3521; x_wconf 91' lang='lat' dir='ltr'><strong>Cumque</strong></span> <span class='ocrx_word' id='word_1_190' title='bbox 919 3423 1097 3496; x_wconf 79' lang='lat' dir='ltr'><strong>Ravennae</strong></span> <span class='ocrx_word' id='word_1_191' title='bbox 1115 3426 1254 3497; x_wconf 86' lang='lat' dir='ltr'><strong>exerci-</strong></span> 
     </span>
     <span class='ocr_line' id='line_1_28' title="bbox 190 3537 1325 3640; baseline -0.001 -27"><span class='ocrx_word' id='word_1_192' title='bbox 190 3559 245 3614; x_wconf 90' lang='lat' dir='ltr'><strong>tus</strong></span> <span class='ocrx_word' id='word_1_193' title='bbox 258 3567 322 3640; x_wconf 88' lang='lat' dir='ltr'><strong>per</strong></span> <span class='ocrx_word' id='word_1_194' title='bbox 336 3555 477 3638; x_wconf 88' lang='lat' dir='ltr'><strong>portam</strong></span> <span class='ocrx_word' id='word_1_195' title='bbox 489 3537 582 3612; x_wconf 88' lang='lat' dir='ltr'><strong>beati</strong></span> <span class='ocrx_word' id='word_1_196' title='bbox 597 3540 692 3610; x_wconf 90' lang='lat' dir='ltr'><strong>Petri</strong></span> <span class='ocrx_word' id='word_1_197' title='bbox 705 3539 856 3638; x_wconf 91' lang='lat' dir='ltr'><strong>apostoli</strong></span> <span class='ocrx_word' id='word_1_198' title='bbox 875 3565 956 3610; x_wconf 91' lang='lat' dir='ltr'><strong>cum</strong></span> <span class='ocrx_word' id='word_1_199' title='bbox 968 3543 1076 3612; x_wconf 89' lang='lat' dir='ltr'><strong>armis</strong></span> <span class='ocrx_word' id='word_1_200' title='bbox 1089 3542 1125 3612; x_wconf 94' lang='lat' dir='ltr'><strong>in</strong></span> <span class='ocrx_word' id='word_1_201' title='bbox 1146 3543 1253 3613; x_wconf 84' lang='lat' dir='ltr'><strong>bate·</strong></span> <span class='ocrx_word' id='word_1_202' title='bbox 1323 3629 1325 3633; x_wconf 67' lang='lat'><strong>,</strong></span> 
     </span>
     <span class='ocr_line' id='line_1_29' title="bbox 187 3655 1253 3756; baseline 0 -27"><span class='ocrx_word' id='word_1_203' title='bbox 187 3683 337 3730; x_wconf 80' lang='lat' dir='ltr'><strong>renense</strong></span> <span class='ocrx_word' id='word_1_204' title='bbox 350 3655 570 3755; x_wconf 90' lang='lat' dir='ltr'><strong>episcopium</strong></span> <span class='ocrx_word' id='word_1_205' title='bbox 583 3655 755 3741; x_wconf 87' lang='lat' dir='ltr'><strong>venisset,</strong></span> <span class='ocrx_word' id='word_1_206' title='bbox 772 3671 806 3727; x_wconf 91' lang='lat' dir='ltr'><strong>et</strong></span> <span class='ocrx_word' id='word_1_207' title='bbox 820 3655 915 3728; x_wconf 83' lang='lat' dir='ltr'><strong>fores</strong></span> <span class='ocrx_word' id='word_1_208' title='bbox 929 3656 1154 3755; x_wconf 86' lang='lat' dir='ltr'><strong>patriarchii,</strong></span> <span class='ocrx_word' id='word_1_209' title='bbox 1169 3683 1253 3756; x_wconf 85' lang='lat' dir='ltr'><strong>quae</strong></span> 
     </span>
     <span class='ocr_line' id='line_1_30' title="bbox 188 3773 1255 3870; baseline 0.003 -25"><span class='ocrx_word' id='word_1_210' title='bbox 188 3775 317 3845; x_wconf 83' lang='lat' dir='ltr'><strong>clausae</strong></span> <span class='ocrx_word' id='word_1_211' title='bbox 334 3789 455 3861; x_wconf 87' lang='lat' dir='ltr'><strong>erant,</strong></span> <span class='ocrx_word' id='word_1_212' title='bbox 472 3774 539 3844; x_wconf 92' lang='lat' dir='ltr'><strong>nisi</strong></span> <span class='ocrx_word' id='word_1_213' title='bbox 560 3773 799 3870; x_wconf 89' lang='lat' dir='ltr'><strong>aperirentur,</strong></span> <span class='ocrx_word' id='word_1_214' title='bbox 817 3775 852 3846; x_wconf 92' lang='lat' dir='ltr'><strong>in</strong></span> <span class='ocrx_word' id='word_1_215' title='bbox 874 3790 1006 3848; x_wconf 91' lang='lat' dir='ltr'><strong>terram</strong></span> <span class='ocrx_word' id='word_1_216' title='bbox 1026 3776 1170 3849; x_wconf 87' lang='lat' dir='ltr'><strong>mittere</strong></span> <span class='ocrx_word' id='word_1_217' title='bbox 1186 3778 1255 3848; x_wconf 87' lang='lat' dir='ltr'><strong>mi-</strong></span> 
     </span>
    </p>
   </div>
   <div class='ocr_carea' id='block_1_3' title="bbox 188 4060 1252 4222">
    <p class='ocr_par' dir='ltr' id='par_1_4' title="bbox 188 4060 1252 4222">
     <span class='ocr_line' id='line_1_31' title="bbox 222 4060 1252 4136; baseline 0.008 -22"><span class='ocrx_word' id='word_1_218' title='bbox 222 4063 261 4131; x_wconf 75' lang='lat'><strong>(1)</strong></span> <span class='ocrx_word' id='word_1_219' title='bbox 277 4063 319 4129; x_wconf 76' lang='grc' dir='ltr'><strong>(αι</strong></span> <span class='ocrx_word' id='word_1_220' title='bbox 337 4060 557 4117; x_wconf 58' lang='lat' dir='ltr'><strong>octobrefissfsn</strong></span> <span class='ocrx_word' id='word_1_221' title='bbox 578 4061 732 4133; x_wconf 85' lang='lat' dir='ltr'><strong>septembre</strong></span> <span class='ocrx_word' id='word_1_222' title='bbox 742 4061 817 4136; x_wconf 79' lang='lat'>687.)</span> <span class='ocrx_word' id='word_1_223' title='bbox 830 4063 868 4116; x_wconf 77' lang='lat' dir='ltr'><strong>ce</strong></span> <span class='ocrx_word' id='word_1_224' title='bbox 881 4082 949 4134; x_wconf 88' lang='lat' dir='ltr'><strong>pape</strong></span> <span class='ocrx_word' id='word_1_225' title='bbox 962 4064 1029 4116; x_wconf 85' lang='lat' dir='ltr'><strong>e&#39;tait</strong></span> <span class='ocrx_word' id='word_1_226' title='bbox 1045 4064 1152 4120; x_wconf 85' lang='lat' dir='ltr'><strong>Thrace</strong></span> <span class='ocrx_word' id='word_1_227' title='bbox 1167 4066 1252 4122; x_wconf 86' lang='lat' dir='ltr'><strong>d&#39;ori-</strong></span> 
     </span>
     <span class='ocr_line' id='line_1_32' title="bbox 188 4149 1056 4222; baseline 0 -18"><span class='ocrx_word' id='word_1_228' title='bbox 188 4153 268 4222; x_wconf 77' lang='lat' dir='ltr'><strong>gine,</strong></span> <span class='ocrx_word' id='word_1_229' title='bbox 282 4160 310 4205; x_wconf 88' lang='lat' dir='ltr'><strong>et</strong></span> <span class='ocrx_word' id='word_1_230' title='bbox 322 4167 377 4204; x_wconf 88' lang='lat' dir='ltr'><strong>non</strong></span> <span class='ocrx_word' id='word_1_231' title='bbox 391 4169 438 4222; x_wconf 83' lang='lat' dir='ltr'><strong>pas</strong></span> <span class='ocrx_word' id='word_1_232' title='bbox 452 4149 492 4204; x_wconf 78' lang='lat' dir='ltr'><strong>fits</strong></span> <span class='ocrx_word' id='word_1_233' title='bbox 504 4150 570 4205; x_wconf 85' lang='lat' dir='ltr'><strong>d&#39;un</strong></span> <span class='ocrx_word' id='word_1_234' title='bbox 582 4167 752 4222; x_wconf 79' lang='lat' dir='ltr'><strong>personnage</strong></span> <span class='ocrx_word' id='word_1_235' title='bbox 767 4153 877 4205; x_wconf 76' lang='lat' dir='ltr'><strong>nomme</strong></span> <span class='ocrx_word' id='word_1_236' title='bbox 894 4150 1056 4206; x_wconf 77' lang='lat' dir='ltr'><strong>Troe-erras.</strong></span> 
     </span>
    </p>
   </div>
   <div class='ocr_carea' id='block_1_4' title="bbox 0 0 1459 4958">
    <p class='ocr_par' dir='ltr' id='par_1_5' title="bbox 0 0 1459 4958">
     <span class='ocr_line' id='line_1_33' title="bbox 0 0 1459 4958; baseline 0 0"><span class='ocrx_word' id='word_1_237' title='bbox 0 0 1459 4958; x_wconf 95' lang='lat' dir='ltr'><strong> </strong></span> 
     </span>
    </p>
   </div>
  </div>
 </body>
</html>
