2894 4958
192 413 251 469 loo
465 407 649 470 HISTORIA
668 406 972 472 Eccusssnsnca.

189 553 273 598 rum
294 524 342 598 sit
362 522 618 618 habitaculum.
651 527 764 600 Judaei
796 553 862 628 per
889 528 1042 603 diversas
1073 545 1249 609 terrarum

188 658 305 744 partes
332 642 544 718 seditionem
582 660 787 733 moventes,
814 646 921 746 digna
955 646 1052 722 crede
1078 664 1251 727 sternun-

188 775 250 835 tur
266 762 338 861 (ι).
361 764 534 862 Trajanus
550 763 690 836 romoni
705 763 867 863 imperii,
887 763 986 866 quod
1007 781 1090 866 poet
1108 766 1251 869 hugue-

188 896 266 953 tnm
283 878 471 954 defensum
487 880 599 981 magis
622 878 760 968 fuerat,
775 906 884 981 quam
904 878 1078 956 nobiliter
1098 883 1251 984 amplie-

187 1012 285 1087 tum,
303 997 392 1073 lines
404 997 512 1098 longe
528 996 669 1097 lateque
684 994 842 1070 diffudit.

233 1113 433 1186 Hadrianus
449 1110 678 1187 consobrinae
695 1112 839 1212 Trajani
857 1111 952 1186 filius
968 1115 1072 1188 annis
1087 1139 1165 1189 xxi.
1184 1115 1251 1189 llic

184 1255 250 1328 per
262 1227 486 1322 Quadratum
495 1226 711 1326 discipulum
728 1227 994 1326 apostolorum,
1011 1245 1047 1305 et
1057 1229 1252 1305 Aristidem

184 1343 458 1431 Atheniensem,
478 1343 599 1414 virum
611 1340 680 1450 fide
697 1342 938 1443 sapientiaque
955 1344 1122 1443 plenum,
1138 1361 1177 1420 et
1188 1372 1253 1448 per

186 1461 363 1534 Serenum
375 1459 552 1532 Granium
566 1458 623 1557 (a)
638 1456 810 1558 legatum,
824 1458 927 1532 libris
939 1460 984 1536 de
995 1459 1190 1537 christiano
1201 1490 1254 1538 re·

185 1579 319 1679 ligione
333 1576 542 1677 compositis
559 1576 776 1678 instructus,
796 1579 969 1678 praeeepit
986 1605 1052 1680 per
1066 1580 1253 1681 epistolam

185 1693 407 1770 Christianos
430 1696 507 1768 sine
529 1693 725 1766 eriminum
744 1690 949 1793 objectione
972 1722 1049 1771 non
1074 1697 1249 1772 damnari.

186 1810 284 1887 ldem
298 1814 318 1885 J
320 1810 441 1886 udaeos
452 1809 609 1886 secundo
621 1807 772 1883 rebelles
785 1810 911 1885 ultima
921 1814 1019 1886 oaede
1030 1813 1250 1913 perdomuit,

187 1932 312 2032 [etiam
340 1927 549 2005 introeundi
572 1928 621 2001 eis
645 1927 907 2028 Jerosolymam
927 1929 1072 2003 licentia
1097 1930 1248 2032 ablata];

185 2076 294 2152 quam
310 2047 436 2146 ipsein
449 2045 630 2145 optimum
654 2058 787 2115 statum
810 2045 1038 2120 extructione
1062 2072 1251 2124 murorum

185 2165 377 2265 reparavit,
392 2161 566 2236 etAEliam
577 2160 631 2260 (ὅ)
644 2160 762 2232 vooari
772 2159 818 2235 de
829 2162 978 2237 nomine
988 2188 1055 2237 suo
1063 2167 1259 2266 praeoepit.›

185 2282 284 2356 Idem
309 2279 586 2380 [eruditissimus
604 2277 642 2350 in
660 2291 814 2379 utraque
835 2279 975 2379 lingua,
994 2278 1251 2379 bibliotheoann

186 2385 337 2473 Athenis
355 2397 439 2469 miri
458 2396 576 2494 operis
596 2398 769 2472 extruxit.
791 2396 1028 2498 Jerosolymae
1048 2400 1191 2500 primus
1211 2427 1253 2476 ex

187 2514 355 2619 gentihus
379 2514 615 2588 constituitur
641 2517 827 2615 episeopus
847 2515 1011 2606 Marcus,
1038 2515 1254 2592 eessantibus

189 2634 244 2708 his
256 2635 319 2736 qni
334 2633 480 2707 fuerant
491 2631 709 2733 exJudaeis],
725 2657 884 2735 quornm
894 2633 1042 2708 nomina
1056 2633 1134 2709 hoec
1144 2650 1253 2710 eunt:

189 2748 341 2826 lacobus
348 2750 461 2825 frater
470 2750 616 2824 Domini
627 2763 643 2840 ,'
653 2751 800 2826 Simeon
814 2748 909 2823 filius
918 2749 1106 2850 Cleophae,
1119 2752 1254 2843 Jmms,

190 2870 381 2960 Zachaeus,
398 2867 553 2959 Tobiae,
568 2869 713 2957 Sextus,
724 2918 727 2922 Δ
738 2869 915 2958 loannes,
934 2865 1106 2959 Mathias,
1121 2867 1258 2971 Philip-

189 3014 279 3089 pus,
294 2987 446 3076 Seneca,
464 2987 602 3076 lassus,
616 2985 700 3060 levi
714 3039 726 3073 ,
742 2984 903 3073 Effrem‚
925 2982 1057 3084 Joseph
1078 3000 1115 3058 et
1132 2985 1252 3062 Judas.

227 3290 266 3360 (1)
286 3289 336 3361 (27
353 3284 462 3358 janvier
474 3281 605 3357 pil-aoht
620 3283 692 3357 ιη).
707 3283 744 3337 La
755 3282 896 3337 troisieme
909 3282 1181 3355 persecutioneetde
1195 3303 1252 3363 ιη.

193 3381 245 3434 les
256 3391 378 3432 mesures
390 3373 477 3446 priees
493 3390 564 3445 pour
576 3371 683 3426 ohltier
699 3371 739 3427 les
754 3372 771 3427 J
773 3371 826 3426 niis
837 3372 1060 3427 eommeuoemnt
1071 3371 1179 3431 l'euuee
1190 3379 1255 3450 pre·

194 3466 319 3523 cedente.
339 3464 377 3518 Le
394 3462 515 3535 premier
529 3459 657 3516 incendio
670 3458 710 3514 du
721 3459 866 3515 Pantheon
879 3460 951 3515 nvait
962 3479 998 3514 eu
1010 3460 1067 3516 lieu
1085 3479 1121 3517 en
1137 3463 1173 3520 80
1186 3475 1216 3522 et
1229 3463 1256 3521 le

195 3553 295 3610 eeoond
307 3571 344 3607 en
359 3569 417 3605 uo.
431 3548 652 3604 Phoe-ledeune
665 3548 763 3618 (Caius
775 3546 900 3603 Caecilius
911 3546 1018 3602 Plinius
1030 3548 1190 3624 Secundus)
1206 3571 1256 3629 aa·

196 3646 260 3721 quit
271 3646 287 3698 h
298 3640 384 3698 Come
395 3658 457 3695 vers
466 3639 501 3695 52
512 3650 541 3696 et
552 3648 667 3695 mourut
678 3655 738 3694 vers
751 3635 808 3694 103.
821 3638 936 3693 Comme
946 3636 972 3692 la
982 3638 1081 3712 phrase
1091 3641 1143 3715 qui
1152 3640 1180 3697 le
1189 3659 1258 3701 oon·

196 3749 278 3789 cerne
293 3739 335 3785 est
349 3730 513 3801 empruntee
524 3731 540 3782 h
552 3728 624 3783 saint
635 3725 759 3792 lemme,
777 3743 849 3781 nous
861 3743 932 3781 nous
944 3737 1075 3784 tmuvom
1085 3727 1155 3785 deus
1165 3728 1258 3788 l'olsh‘·

198 3822 291 3898 gation
304 3816 439 3888 d’ajouter
449 3835 504 3893 que
517 3835 548 3872 oe
559 3815 672 3872 dernier
684 3816 719 3871 l'a
730 3814 870 3871 eonsondu
882 3834 946 3872 eveo
957 3811 1192 3889 Pliue-l’Aueien,
1206 3839 1257 3878 m

197 3908 290 3976 oncle,
307 3916 336 3962 et
350 3923 405 3980 que
420 3923 470 3960 noe
486 3904 559 3959 deux
576 3915 688 3960 auteurs
701 3914 795 3959 seront
807 3904 1016 3978 probablement
1027 3905 1136 3964 tombis
1146 3906 1217 3966 dene
1229 3909 1257 3967 le

198 4001 288 4056 meme
304 4015 413 4063 erretur,
431 3994 551 4071 quelque
570 3994 806 4050 inmisemblahle
821 3995 920 4071 qu'elle
939 3996 1032 4070 pnieee
1048 4014 1122 4054 noue
1137 4000 1261 4074 penltre

199 4085 386 4160 aujourd'hni.

230 4180 272 4251 (a)
285 4179 359 4232 Lieez
373 4197 380 4230 ι
396 4175 598 4231 Grannianum.
612 4175 652 4231 Ce
665 4192 835 4250 personnege
848 4175 914 4231 etait
926 4173 1073 4249 proconsul
1083 4174 1188 4235 d’heie.

234 4267 272 4341 (3)
280 4268 316 4324 Le
326 4283 450 4324 nonveau
457 4285 522 4322 nom
530 4265 626 4324 officiel
636 4265 749 4324 deoette
755 4265 817 4324 ville
824 4267 868 4323 fut
878 4267 992 4326 ὂοὶοιύα
1000 4266 1078 4324 Eleu
1089 4267 1259 4353 Cupitolinm
