2894 4958
192 372 253 435 26⁴
468 372 651 434 HISTORIA
675 372 980 437 ucctrsltsrtcu

193 491 330 564 invicto
352 514 435 589 rege
452 515 518 564 suo
536 517 746 565 mansurum
756 520 766 579 3
795 493 862 592 ipsi
878 518 1025 599 quoque
1037 494 1201 585 Neroni,
1218 497 1261 571 ad

192 603 497 706 comprobandam
523 632 673 682 suorum
700 606 807 682 fidem
834 607 1052 699 verborum,
1078 638 1118 687 se
1140 614 1261 687 vivum

190 739 275 824 post
309 722 586 800 decollationem
624 724 808 800 evidenter
840 742 1085 802 ostensurum.
1125 729 1260 806 Deinde

189 840 320 915 Paulus
335 839 492 940 gaudens
506 840 550 914 ad
567 841 783 941 supplicium
797 842 926 918 ductus
943 859 1015 933 est,
1031 846 1178 946 suisque
1189 872 1262 921 car

190 956 380 1047 nificihus,
398 957 548 1058 aliisque
566 956 824 1033 comitantibus
847 957 956 1037 verba
972 961 1059 1036 vitae
1075 961 1258 1062 multipli-

190 1075 280 1149 citer
297 1074 502 1174 impertitus
516 1088 582 1147 est.
601 1073 694 1148 Nam
710 1091 929 1177 cooperante
944 1077 1087 1177 Spiritu
1102 1078 1257 1172 Sancto,
1293 1115 1299 1125 ·

188 1192 366 1267 idolatriae
395 1193 591 1267 vanitatem
620 1196 858 1286 monstravit,
888 1194 1145 1272 ratiocinando
1169 1195 1258 1273 nihil

188 1337 261 1386 esse
274 1307 464 1409 probavit,
479 1336 601 1383 veram
616 1309 726 1384 fidem
733 1365 745 1402 ,
763 1314 913 1414 verique
928 1314 994 1388 Dei
1011 1314 1257 1415 cognitionem

186 1427 402 1503 mirabiliter
431 1425 617 1527 allegavit,
650 1428 923 1504 damnationem
947 1429 1194 1530 reproborum
1223 1448 1258 1507 et

186 1545 487 1647 glorificationem
516 1552 702 1646 justorum
735 1546 924 1648 magnifice
955 1549 1155 1648 peroravit.
1185 1549 1258 1624 Nec

185 1666 333 1741 frustra.
363 1664 516 1737 Divinus
533 1665 632 1738 enim
656 1690 776 1739 sermo
799 1666 970 1765 protinus
991 1664 1255 1741 fructificavit:

186 1782 411 1858 audientium
423 1780 591 1855 videlicet
605 1779 713 1855 corda
733 1781 925 1855 turbarum
943 1797 1093 1882 ungens
1111 1781 1256 1857 inflam-

186 1900 319 1989 mavit,
333 1915 371 1974 et
387 1923 649 1972 conversorum
664 1923 788 1973 vocem
806 1924 876 1997 pro
894 1899 1082 1972 transactis
1099 1897 1258 1975 reatibus

64 2029 68 2035 ’
186 2023 226 2095 in
243 2018 430 2118 planctum
446 2015 679 2116 permutavit.

235 2139 398 2225 Interea,
413 2134 501 2206 dum
520 2158 591 2233 pro
608 2147 682 2207 tam
697 2135 828 2206 sanctis
841 2133 1142 2233 occupationibus
1159 2160 1256 2209 mora

186 2256 307 2339 fieret,
331 2267 367 2325 et
390 2249 546 2350 populus
569 2251 707 2323 multus
729 2277 833 2326 voces
854 2252 893 2324 iu
920 2251 1035 2324 altum
1054 2253 1258 2345 emitteret,

187 2368 285 2443 Nero
301 2364 536 2442 Parthenium
549 2382 587 2439 et
603 2366 760 2439 Feritam
775 2367 856 2466 (1),
871 2366 992 2440 videre
1009 2367 1038 2438 si
1053 2369 1170 2465 jussio
1187 2371 1257 2467 ejus

70 2549 73 2555 .
189 2483 367 2583 completa
385 2497 497 2572 esset,
513 2483 637 2571 misit,
651 2499 687 2556 et
703 2510 769 2582 per
785 2509 846 2557 eos
865 2485 1067 2582 passionem
1083 2487 1254 2584 apostoli,

187 2607 217 2678 si
235 2602 351 2677 adhuc
370 2602 528 2688 viveret,
545 2600 767 2677 acceleravit.
786 2602 875 2701 lpsis
890 2627 1038 2702 quoque
1054 2603 1188 2675 Paulus
1202 2626 1256 2676 so-

188 2747 273 2804 men
296 2718 420 2792 salutis
442 2715 602 2804 obtulit,
618 2715 681 2791 scd
701 2717 920 2815 praevalente
936 2720 1120 2820 nequitia,
1141 2718 1256 2795 obdu-

187 2838 275 2915 ratis
289 2832 459 2911 cordibus
475 2833 628 2906 minime
642 2832 795 2931 profuit.

236 2954 400 3051 Cumque
425 2948 469 3023 ad
492 2947 616 3023 locum
637 2949 802 3048 martyrii
821 2975 904 3022 cum
923 2951 1123 3023 innumeris
1141 2952 1256 3025 onmi-

189 3069 286 3143 tibus
299 3065 500 3152 incederet,
515 3079 552 3138 et
563 3063 768 3137 Plautillam
782 3063 1044 3139 nobilissimam
1052 3081 1257 3140 matronam

185 3187 229 3263 ad
248 3201 390 3286 portam
406 3178 508 3253 urbis
523 3181 652 3254 uomae
668 3179 812 3256 obviam
832 3179 1011 3255 habuisset
1027 3213 1036 3256 z
1055 3183 1099 3254 V
1094 3183 1174 3273 ale,
1199 3185 1258 3257 in-

187 3306 289 3408 quit,
302 3299 505 3386 Plants'llc,
520 3313 667 3372 oeternae
678 3298 918 3398 solutisfile'a.
936 3298 1075 3373 Deinde
1088 3301 1200 3398 petiit
1214 3299 1259 3373 ab

188 3424 266 3512 illa,
285 3437 327 3492 ut
342 3443 505 3518 pannum
514 3469 526 3504 ‚
545 3442 621 3516 quo
636 3432 746 3514 caput
763 3419 840 3514 ejus
856 3416 1059 3517 tegebatur,
1078 3417 1125 3490 ad
1141 3418 1261 3519 ligan-

187 3544 274 3615 dum
288 3537 411 3613 oculos
424 3535 513 3608 hora
525 3533 701 3633 passionis
711 3560 784 3607 suas
797 3532 864 3607 sibi
878 3533 1182 3610 accommodaret.
1196 3535 1259 3609 llla

187 3686 274 3734 sero
286 3657 396 3745 llens,
413 3655 487 3752 ejus
497 3650 724 3725 orationibus
735 3678 771 3724 se
784 3651 1067 3738 commendarit,
1081 3677 1274 3750 pannum·-

186 3803 257 3876 que
269 3773 438 3848 festinato
452 3769 633 3869 porrexit,
651 3785 688 3842 et
699 3767 887 3867 paululum
901 3770 941 3840 in
953 3783 1094 3868 partem
1105 3786 1267 3869 propter

188 3892 302 3993 plebis
318 3886 640 3988 impedimentum,
659 3901 700 3959 ut
713 3885 895 3984 apostolus
911 3888 944 3959 ei
957 3890 1129 3986 jusserat,
1149 3913 1273 3962 secu-

223 4173 261 4237 ζι)
279 4169 353 4219 Dans
364 4165 389 4217 la
402 4164 518 4237 legende
531 4167 627 4236 copies
640 4185 690 4238 par
703 4176 783 4220 notre
800 4176 907 4234 aanor,
923 4184 954 4220 ce
967 4183 1142 4244 personuage
1153 4175 1195 4223 est
1209 4184 1261 4245 ap·

192 4261 249 4343 pole
260 4256 391 4316 Pterela.
