2916 4958
195 414 253 474 258
471 410 654 472 HISTORIA
678 411 980 473 uectuslts‘rlca

190 533 367 636 patravit,
376 531 470 632 jube
480 534 519 604 in
532 558 676 605 crucem
692 532 805 606 levari
816 532 887 630 (1).
902 532 1099 607 Annuente
1112 535 1262 626 Caesare,

194 649 361 724 doctores
373 662 519 722 aeternae
531 648 654 721 salutis
667 648 815 721 statima
829 656 1025 748 conspectu
1034 653 1109 749 ejus
1120 650 1260 727 deducti

150 753 152 757 ’
195 781 281 839 sunt
297 776 334 840 et
349 765 502 840 Paulino
520 764 641 838 traditi
660 781 755 840 sunt.

243 881 425 972 Paulinus,
445 883 501 954 vir
511 883 725 955 clarissimus
736 884 1162 984 magisteriae-potestatis,
1177 914 1264 989 apo-

194 999 305 1076 stolos
322 997 455 1072 Christi
472 1001 645 1099 suscepit,
665 1015 700 1074 et
717 1000 755 1073 in
775 1001 933 1074 custodia
948 1005 1180 1095 Mamertini,
1200 1006 1264 1079 s'ub

195 1143 306 1190 manu
329 1115 489 1188 Processi
514 1132 550 1189 et
576 1116 803 1204 Martiniani,
830 1117 1058 1220 aliorumque
1083 1121 1262 1212 rnilitum,

195 1233 426 1333 mancipavit.
447 1232 501 1305 lbi
519 1258 651 1307 novem
671 1232 854 1307 mensibus
874 1235 914 1309 in
935 1262 1076 1310 carcere
1093 1236 1262 1326 fuerunt,
1303 1319 1306 1326 ⁴

196 1366 234 1426 et
254 1349 388 1424 multos
411 1349 596 1440 infirmos,
615 1352 679 1452 qui
697 1350 742 1423 ad
756 1377 819 1440 ⁴eos
843 1369 1036 1442 venerant,
1060 1380 1101 1426 ac
1125 1355 1264 1431 daemo-

196 1469 318 1541 niacos
334 1467 561 1543 orationibus
583 1469 656 1540 suis
674 1485 903 1543 curaverunt.
919 1469 1085 1570 Denique
1104 1473 1262 1565 cunctis,

194 1586 260 1684 qui
273 1583 311 1656 in
324 1584 483 1658 custodia
496 1601 618 1675 erant,
630 1583 765 1659 obnixe
775 1584 1075 1675 vociferantibus,
1088 1604 1127 1660 et
1139 1614 1265 1689 aquam

197 1701 329 1791 abeis,
349 1702 434 1802 quia
457 1700 514 1774 siti
539 1701 850 1802 periclitabantur,
873 1703 1094 1777 unanimiter
1112 1731 1265 1804 poscen-

198 1816 314 1908 tibus,
329 1817 522 1892 beatissimi
539 1818 691 1918 apostoli
707 1820 822 1894 Deum
832 1837 1048 1911 oraverunt,
1065 1838 1103 1895 ct
1115 1821 1161 1895 ab
1175 1824 1263 1924 ipso,

198 1937 255 2008 cui
274 1934 529 2025 adhaerebant,
556 1937 721 2011 celeriter
743 1938 898 2011 exauditi
924 1955 1022 2012 sunt.
1051 1941 1146 2014 Nam
1162 1940 1265 2016 beato

196 2054 306 2127 Petro
331 2053 495 2151 apostolo
520 2053 664 2153 signum
688 2056 804 2127 crucis
830 2056 868 2128 in
892 2072 1017 2130 monte
1034 2059 1194 2156 Tarpeio
1215 2058 1266 2133 fa-

199 2170 337 2260 ciente,
367 2170 498 2244 eadem·
523 2168 611 2243 hora
638 2186 896 2245 emanaverunt
918 2198 1021 2272 aquae
1051 2173 1096 2248 de
1127 2192 1264 2250 monte.

199 2290 305 2361 Tunc
321 2289 514 2362 Processus·
526 2304 564 2362 et
576 2289 842 2378 Martinianus,
861 2307 898 2363 et
910 2316 1036 2364 omnes
1053 2293 1173 2392 quiin
1192 2320 1266 2366 cus·

200 2405 297 2478 todia
313 2422 435 2495 erant,
456 2405 500 2480 ad
523 2406 629 2507 pedes
654 2407 751 2480 Petri
781 2408 932 2508 apostoli
961 2410 1135 2508 prostrati
1160 2426 1263 2498 sunt,

199 2539 238 2597 et
252 2548 353 2598 xuvn
372 2524 555 2600 credentes
580 2527 617 2599 in
634 2527 834 2599 Dominum
853 2524 1022 2626 baptizati
1039 2542 1141 2600 sunt.
1162 2530 1266 2600 Tunc

200 2665 270 2738 pro
287 2640 337 2713 eis
353 2638 566 2712 sacrificium
582 2640 694 2713 laudis
711 2640 867 2731 obtulit,
887 2656 924 2715 et
936 2666 1062 2716 omnes
1073 2642 1266 2716 dominicae

199 2755 391 2855 participes
406 2753 629 2828 eucharistiae
640 2755 740 2830 fecit.

250 2869 343 2946 Visis
372 2871 492 2972 itaque
518 2886 575 2944 tot
602 2870 829 2944 mirabilibus
851 2871 1071 2971 magistriani
1091 2873 1150 2971 (2)
1173 2873 1268 2946 Pro-

201 3011 317 3060 cessus
334 3002 441 3088 atque
458 2985 695 3059 Martinianus
712 2986 883 3058 dixerunt
898 2986 942 3058 ad
958 2986 1141 3086 apostolos
1157 3017 1167 3058 ε
1186 2989 1271 3059 Per·

199 3104 277 3202 gite
298 3129 369 3203 quo
386 3104 622 3193 desideratis,
643 3105 732 3203 quia
747 3102 928 3176 exoblitus
944 3103 1044 3178 Nero
1064 3103 1269 3206 desperavit

203 3218 383 3292 danobis.
408 3217 465 3289 Illi
486 3232 605 3292 autem
625 3218 708 3290 satis
728 3245 748 3290 a
772 3216 945 3290 tratribus
967 3218 1082 3318 rogati
1101 3233 1144 3290 ut
1167 3245 1269 3320 egre-

202 3334 390 3424 derentur,
412 3350 495 3434 post
517 3360 648 3409 novem
664 3361 803 3409 menses
824 3336 1008 3424 exierunt,
1032 3353 1069 3409 et
1090 3337 1270 3435 perviam

203 3455 357 3555 Appiam
374 3453 418 3527 ad
435 3469 579 3554 portam
591 3468 847 3553 pervenerunt.
864 3453 1109 3527 TuncPaulus
1127 3455 1166 3528 in
1182 3453 1270 3529 urbe

239 3836 278 3907 (r)
296 3835 372 3889 Tout
385 3850 416 3888 ce
428 3832 601 3906 paragrapho
609 3831 764 3906 jusque-la,
780 3841 808 3886 et
820 3830 859 3887 les
873 3830 946 3886 deux
958 3829 1137 3903 precedente,
1149 3839 1214 3886 sont
1223 3847 1268 3884 ex·

206 3924 284 3979 traits
293 3921 328 3977 de
336 3920 362 3976 la
375 3919 492 3976 relation
504 3919 660 3994 apocrypho
670 3919 807 3975 attribues
819 3921 835 3974 a
847 3919 920 3974 saint
932 3916 1044 3973 Marcel.

240 4013 278 4082 (a)
290 4011 341 4064 les
349 4010 550 4082 magtsteriani,
561 4009 749 4083 magistriani,
758 4009 817 4061 viri
827 4008 995 4079 magisteriae
1003 4007 1160 4079 potestatis,
1171 4004 1270 4061 etaient

207 4101 255 4156 des
264 4100 378 4156 officiers
392 4097 567 4153 ministeriale
580 4097 615 4153 de
626 4096 752 4171 l’epoque
762 4094 801 4151 du
811 4096 860 4152 bae
873 4097 992 4169 empire,
1007 4098 1063 4168 ‘qim
1075 4093 1211 4168 Ducangc
1222 4093 1268 4148 ‹le-

206 4191 283 4264 signe
300 4204 407 4242 comme
419 4196 535 4259 agentes
548 4191 575 4240 in
591 4187 683 4242 rebus.
