2894 4958
298 363 338 426 7⁴
574 364 758 427 Elsmlua
778 364 1083 431 Bccffilmlcll.

300 512 395 573 unus
407 486 570 559 assistens
581 487 835 563 minisuomm
846 485 1207 589 deditdrpmteu,
1218 485 1361 561 dicens:

299 602 365 676 Sic
385 602 579 704 respondes
589 594 764 704 pontrflci
770 599 793 677 Ρ
810 602 1010 701 Respondit
1021 602 1053 676 ei
1065 602 1191 677 Jesusa
1210 602 1364 679 Simulo

299 720 441 794 locutus
456 745 557 811 suan,
576 720 818 793 testimonium
831 720 983 822 perhibe
996 720 1042 796 de
1055 721 1173 808 malm
1190 730 1227 796 u·
1242 738 1363 799 auteur

299 835 407 926 bene,
432 835 526 934 quid
547 861 605 908 me
627 834 775 911 coedr’s?
791 838 841 910 Et
859 836 959 909 misit
974 862 1058 910 eum
1072 835 1261 911 Aunesad
1273 837 1363 915 ,cni-

297 952 406 1051 pham
421 950 810 1052 pontificemligatum.
1238 1032 1242 1039 ¹

345 1070 453 1146 Mane
466 1069 577 1158 facto,
595 1085 637 1142 ut
648 1069 838 1143 Matthaeus
848 1067 979 1160 refert,
993 1069 1186 1144 consilium
1199 1071 1362 1145 inierunt

297 1174 424 1260 omnes
440 1185 622 1285 principes
638 1184 862 1260 mcerdotum
877 1200 915 1259 ct
929 1184 1087 1260 seniores
1102 1184 1228 1285 populi
1242 1184 1362 1261 adver*

296 1326 356 1374 sus
377 1299 519 1390 Jesum,
543 1314 586 1372 ut
605 1326 688 1374 eum
704 1300 815 1375 morti
838 1299 1041 1387 traderenn
1065 1315 1101 1374 ct
1119 1272 1361 1385 vincnmal-

298 1416 482 1491 duxerunt
501 1443 604 1506 eum,
624 1433 661 1492 et
678 1418 904 1494 tradiderunt
921 1418 1054 1494 Pontio
1070 1417 1186 1493 Pilato
1201 1416 1359 1518 pmidi.

296 1533 409 1605 Lucas
427 1533 616 1608 contexuit
632 1534 878 1609 narrationem
898 1533 943 1607 de
969 1532 1024 1608 his
1047 1558 1130 1635 quae
1148 1532 1243 1607 circo
1257 1556 1362 1609 mane
1407 1618 1410 1624 ,

298 1672 382 1720 cum
400 1648 560 1722 Domino
581 1665 677 1750 gesta
699 1665 803 1740 sunt,
821 1647 968 1751 quando
990 1649 1081 1738 viri,
1103 1648 1166 1748 qui
1191 1645 1363 1724 tenebant

296 1790 399 1854 eum,
419 1765 620 1843 illudebant
639 1769 690 1857 ei,
714 1767 907 1855 caedenuu
926 1782 963 1844 et
977 1768 1186 1842 velaverunt
1202 1792 1307 1855 eum,
1325 1780 1362 1841 et

294 1880 545 1983 percutiebant
555 1883 684 1960 faciem
696 1887 789 1987 ejus,
803 1900 840 1960 et
851 1885 966 1959 multa
976 1882 1263 1983 blasphemantes
1271 1880 1361 1957 dioc·

293 1996 385 2073 bant
396 2001 436 2074 in
447 2027 543 2075 eum.
561 2002 672 2077 Facto
686 2017 806 2074 autem
818 1997 894 2090 die,
910 2000 1069 2075 seniores
1081 1997 1195 2098 plebis
1208 2012 1246 2073 et
1261 1997 1360 2097 prin·

294 2118 390 2217 cipes
411 2117 639 2193 sacerdotum
654 2133 692 2191 et
715 2117 843 2192 scribae
866 2130 1135 2209 convenerunt,
1160 2129 1197 2188 et
1220 2113 1259 2187 in
1274 2137 1360 2189 oon·

293 2230 1170 2323 ciliumsuumillumduxerunt,dicenteuSitues
1180 2218 1358 2319 Cbuau,

291 2349 356 2423 dic
378 2349 497 2425 nobis.
523 2349 662 2443 Quibus
679 2352 754 2425 ait:
770 2352 929 2427 Sivobis
949 2352 1097 2439 dinero,
1116 2376 1191 2424 non
1205 2346 1359 2423 undant

292 2466 394 2540 mibi.
422 2466 468 2540 Si
490 2485 613 2542 autem
633 2485 668 2541 et
690 2473 972 2569 interrogavero,
1000 2494 1075 2543 non
1096 2464 1359 2567 respondebitis

293 2582 403 2673 milii)
428 2608 544 2685 noque
566 2582 767 2658 dimittetis.
792 2585 859 2657 Ee
879 2583 947 2657 boc
968 2585 1038 2657 erit
1055 2582 1178 2655 Filius
1200 2579 1359 2654 hominu

260 2736 264 2743 ·
290 2699 418 2774 sedens
434 2728 461 2775 a
476 2701 617 2775 deatnir
636 2703 782 2777 virtutis
801 2702 888 2775 Dei.
912 2701 1094 2775 Dixerunt
1114 2723 1239 2774 omnes
1264 2726 1274 2769 ε
1302 2697 1359 2769 Tb

289 2842 377 2916 ergo
397 2845 435 2892 er
452 2818 578 2893 Filius
597 2817 699 2892 Dei?
722 2819 793 2912 Qui
811 2816 861 2893 ait
882 2848 892 2889 z
915 2818 995 2891 Vos
1018 2817 1160 2906 dicitis,
1183 2816 1274 2915 quia
1289 2838 1360 2914 ego

287 2960 382 3006 sum.
402 2933 452 3006 At
471 2934 521 3008 illi
539 2934 735 3009 dixerunt:
756 2933 861 3033 Quid
875 2933 1001 3007 adbuc
1019 2931 1273 3006 desr’deramus
1292 2947 1359 3006 tos·

288 3053 507 3127 timonium?
518 3055 603 3156 Ipsi
616 3055 713 3127 enim
731 3053 939 3129 audivimus
957 3052 1004 3123 de
1022 3078 1084 3126 ore
1100 3052 1193 3151 ejus.
1213 3050 1264 3122 Et
1275 3074 1360 3123 sun-

286 3194 374 3268 gens
395 3172 513 3246 omnis
530 3171 727 3246 multitudo
750 3197 895 3260 eorum,
912 3171 1095 3245 duxerunt
1114 3169 1218 3243 illum
1234 3168 1279 3241 ad
1295 3166 1359 3242 Pi·

288 3284 414 3359 latum.
433 3288 519 3360 Haec
535 3288 656 3361 omnia
676 3290 786 3361 Lucas
809 3288 983 3361 narravit.
1006 3284 1197 3361 Matthaeus
1214 3309 1303 3359 vero
1322 3298 1361 3361 et

287 3404 430 3479 Marcus
457 3421 697 3482 narraverunt
724 3432 764 3481 ea
789 3432 872 3506 quae
894 3432 979 3478 cum
1000 3405 1160 3478 Domino
1180 3416 1257 3477 acta
1275 3413 1362 3475 sunt

287 3546 400 3621 usque
421 3522 465 3596 ad
486 3550 603 3599 mane.
630 3523 699 3598 Sed
724 3538 847 3622 postea
871 3516 1059 3596 redierunt
1078 3520 1122 3595 ad
1142 3515 1361 3593 narrandam

287 3638 385 3711 Petri
400 3642 640 3739 negationem.
656 3642 734 3735 Qus
747 3642 957 3731 terminata,
973 3639 1161 3716 redierunt
1172 3636 1218 3712 ad
1231 3661 1356 3725 mane,

287 3755 964 3861 utindeceteracontexerentquaecum
972 3758 1235 3858 Dominogesta
1242 3767 1356 3829 erant

333 3873 490 3946 loannes
516 3900 661 3977 quoque
690 3904 699 3946 :
732 3875 952 3966 Adducunt,
981 3874 1121 3975 inquit,
1153 3872 1279 3946 Jesum
1306 3869 1361 3945 ad

287 3989 465 4091 Capuam
502 3992 539 4063 in
563 3997 787 4094 pretorium.
815 3995 910 4065 Erat
935 4009 1056 4065 autem
1077 4016 1205 4077 mune,
1231 4004 1265 4060 et
1287 3986 1361 4089 ipsi

285 4130 358 4176 non
384 4108 615 4199 introierunt,
643 4127 680 4180 ut
702 4136 776 4181 non
799 4113 1144 4198 contaminarentur,
1167 4105 1235 4180 sed
1252 4129 1359 4178 man-
