2894 4958
567 406 684 470 llBEll
705 405 863 470 l'lllllUS.
1205 410 1242 470 sl

184 530 367 605 Suaritate
377 528 521 620 odoris,
539 554 612 632 qua
629 529 757 603 domus
777 528 923 629 impleta
940 541 1012 616 est,
1033 525 1139 601 Judss
1151 528 1249 604 inle-

184 648 256 738 lix,
274 649 339 749 qui
357 646 420 721 fur
433 663 511 721 erat
531 661 569 721 et
584 646 721 721 loosrlos
738 645 892 737 liabens,
909 644 1162 721 seandalimtus
1173 663 1246 734 est,
1334 679 1338 686 ·

183 763 326 840 devosae
337 765 445 838 etism
456 763 617 841 mulieris
635 760 736 837 fidele
748 762 991 836 ministerium
1001 759 1246 862 reprehendit.

183 878 254 954 Sed
274 881 452 959 Dominus
470 881 503 954 ei
523 895 659 953 temere
679 877 884 980 objurganti
903 893 1087 953 mansuete
1106 904 1252 978 respon-

183 993 242 1069 dit
255 1026 266 1069 :
286 994 375 1069 Sine
391 995 519 1083 illam‚·
534 994 669 1069 bonum
679 997 775 1069 enim
786 1021 879 1096 opus
891 1009 1044 1094 operato
1056 1009 1109 1067 est
1123 996 1163 1066 in
1179 1020 1248 1067 me.

183 1113 307 1186 Amm
326 1113 412 1186 dr'oo
427 1111 517 1185 tibi:
533 1111 743 1186 narrabitur
757 1113 796 1184 r'n
809 1126 882 1185 toto
900 1109 1038 1183 mundo
1052 1108 1155 1209 quod
1158 1109 1252 1206 feeit

185 1225 268 1302 ltoee
282 1231 323 1301 in
335 1230 545 1303 memoriam
557 1228 672 1329 ejus(
694 1227 726 1326 ).

235 1344 359 1418 Plures
375 1343 581 1418 curiositate
596 1342 695 1415 ducti
712 1339 922 1415 Bethaniam
937 1340 1121 1430 adierunt,
1139 1356 1177 1415 et
1192 1343 1254 1415 la-

185 1487 312 1536 zarum
327 1456 604 1533 manducantem
626 1484 710 1532 cum
731 1456 877 1531 Christo
894 1456 1083 1548 viderunt,
1106 1457 1253 1559 laetique

187 1576 438 1652 testimonium
451 1574 606 1658 mirandi
621 1575 741 1676 operis
755 1572 1033 1675 perhibuerunt.
1048 1571 1253 1647 invidentes

186 1722 277 1798 ergo
295 1692 459 1796 pharisaei
483 1695 733 1796 cogitaverunt
756 1693 1006 1767 resuscitatum
1028 1691 1250 1781 interlicere3

186 1807 1194 1907 sednustranisehanrurobstarechristiomnipotentia(
1219 1809 1250 1906 ).

237 1927 325 2003 XV.
344 1929 386 2001 ln
401 1929 599 2001 crastinum
612 1925 719 2000 turba
731 1927 844 2001 multa
852 1980 864 2016 ,
876 1952 960 2027 quoe
976 1941 1193 2000 oonvenerat
1208 1923 1254 1998 ad

187 2042 287 2118 diem
308 2042 464 2133 festum,
488 2070 571 2117 cum
589 2044 741 2118 audisset
764 2044 849 2144 quia
868 2044 970 2117 Jesus
994 2043 1095 2118 venit
1111 2044 1254 2117 Jerusa-

189 2160 262 2235 lem
271 2211 285 2248 ,
303 2175 518 2260 acoeperunt
534 2186 652 2234 ramos
665 2159 866 2260 palmorum
874 2212 887 2249 ,
902 2174 940 2233 et
954 2174 1206 2259 processerunt
1222 2159 1254 2233 ei

188 2275 350 2352 obviam.
379 2273 703 2380 Appropinquante
732 2275 820 2351 hora
844 2276 1121 2366 immolationis,
1144 2301 1255 2376 agnus

188 2393 257 2466 Ilei
276 2393 398 2467 locum
415 2395 565 2493 expetiit
577 2394 764 2494 passionis.
791 2393 864 2489 Qui
880 2420 964 2468 oum
980 2394 1134 2469 venisset
1149 2391 1257 2467 Beth-

189 2508 307 2611 phuge
318 2509 362 2582 ad
378 2525 542 2585 montem
554 2511 707 2601 Oliveti,
722 2526 812 2585 tunc
822 2511 914 2585 duos
928 2537 973 2585 ex
988 2510 1171 2612 discipulis
1184 2510 1256 2583 suis

189 2624 314 2714 misit,
329 2625 451 2699 dicens
467 2654 476 2696 τ
498 2629 553 2700 Ite
569 2630 608 2700 in
622 2629 813 2702 castellum
832 2626 934 2728 quod
949 2644 1078 2701 eontra
1095 2654 1163 2701 vos
1181 2643 1253 2716 est,

150 2827 153 2831 ¹
191 2759 227 2815 et
237 2745 362 2815 statim
375 2745 559 2820 invenietis
572 2748 719 2819 asinam
731 2735 927 2846 alligatam
933 2801 946 2834 ,
964 2762 999 2818 et
1009 2743 1157 2847 pullum
1174 2770 1257 2818 eum

190 2881 252 2932 ea.
278 2857 430 2951 Solvite,
454 2877 489 2932 et
515 2861 690 2936 adducite
714 2862 816 2936 nrilsi.
844 2862 981 2935 Euntes
1007 2876 1127 2935 autem
1152 2859 1259 2933 disei-
1304 2925 1305 2928 ,

191 2971 290 3074 puli,
315 2975 450 3049 asinam
466 2991 505 3050 et
525 2978 667 3078 pullum
687 2977 933 3068 adduxerunt,
949 2978 1058 3078 super
1074 3003 1135 3052 eos
1149 2977 1259 3050 vesti·

190 3105 317 3166 menta
352 3119 413 3167 sua
449 3095 700 3195 imposuerunt
713 3141 728 3187 ,·
765 3123 919 3198 eumque
955 3098 1106 3196 desuper
1139 3094 1259 3171 sedere

192 3207 373 3283 laconas.
399 3211 490 3286 Ecce
517 3240 581 3287 rex
605 3229 748 3305 noster,
772 3216 865 3288 siout
890 3214 935 3291 de
963 3215 1028 3289 illo
1047 3212 1259 3314 jamdudum

190 3325 429 3401 vaticinatum
445 3345 519 3419 est,
543 3357 620 3406 non
647 3330 746 3408 sedet
766 3333 804 3405 in
830 3359 942 3407 curru
965 3357 1075 3406 aureo
1097 3356 1257 3432 purpura

191 3439 355 3544 fulgens,
381 3471 448 3519 nec
469 3447 628 3521 aseendit
650 3447 831 3525 fervidum
856 3476 989 3550 equum
1011 3448 1199 3523 discordiae
1223 3465 1260 3523 et

193 3555 268 3632 litis
282 3575 499 3654 amatorem3
522 3565 583 3638 sed
603 3564 701 3640 sedet
721 3592 828 3667 super
840 3566 976 3639 asinam
989 3565 1259 3666 tranquillitatis

195 3690 232 3750 et
247 3680 343 3778 pacis
359 3681 524 3765 amicam.
544 3683 628 3758 Non
648 3682 755 3758 habet
772 3685 811 3757 in
827 3685 981 3757 circuitu
996 3710 1061 3759 suo
1074 3684 1261 3785 splenden-

196 3805 250 3868 tes
263 3793 420 3896 gladios,
440 3797 501 3873 sed
517 3801 618 3874 venit
638 3816 862 3892 mansuetum
883 3827 959 3879 non
979 3816 1022 3874 ut
1040 3828 1106 3902 per
1123 3818 1260 3901 poten·

203 4077 273 4216 ¹¹(r)
282 4079 385 4138 llutth.
395 4101 471 4157 xxvi,
481 4085 550 4144 6-13
559 4109 568 4155 ;
578 4087 664 4146 llum.
675 4107 729 4160 mr,
740 4086 805 4164 3-93
816 4090 915 4147 loson.
929 4109 984 4161 ιιι,
999 4090 1055 4147 1-8.
1065 4090 1149 4161 -(2)
1158 4090 1259 4145 loson.

228 4180 252 4234 ι,
263 4183 343 4240 9-rr.
