2894 4958
525 443 661 511 ,LIBER
680 440 891 504 SECUNDUS.
1192 445 1251 504 295

183 568 277 641 v‘ersi
289 582 394 656 sunt,
409 581 447 641 et
463 568 501 639 in
517 567 666 640 nomine
678 565 818 638 Sanctae
832 564 1022 638 Trinitatis
1033 563 1252 663 baptismum
1370 569 1373 575 '

183 699 438 785 perceperunt.
455 685 560 756 Tunc
572 683 815 757 Aristodimus
830 684 904 782 (1),
919 684 982 784 qni
998 698 1075 757 erat
1088 684 1253 783 pontifex

183 801 352 874 omnium
371 798 575 891 idolorum,
597 797 843 873 stimulatione
854 800 998 899 pessimi
1015 798 1161 898 spiritus
1179 813 1256 870 tur-

183 915 285 990 bavit
301 915 479 1017 populum
494 929 635 989 ntorta
651 914 827 991 seditione
846 915 1003 1016 populus
1025 921 1062 989 in
1080 915 1257 1015 populum

184 1037 373 1131 pararetur
388 1031 435 1105 ad
453 1029 604 1104 bellum.
621 1029 690 1106 Sed
705 1031 862 1107 loannes
874 1031 970 1130 pacis
985 1025 1127 1104 amator
1138 1029 1253 1103 dixit:

184 1149 262 1223 aa
283 1147 394 1239 aaa,
419 1148 662 1239 sacam,
688 1148 940 1248 quassatam
964 1163 1004 1221 a
1026 1148 1257 1249 inssgnaa
1331 1132 1335 1143 '

184 1289 272 1337 nem
284 1263 333 1336 dc
343 1264 469 1337 aninso
485 1279 547 1336 tao
564 1263 722 1338 tollam?
734 1262 784 1337 At
799 1262 860 1337 ille
879 1293 887 1335 :
909 1263 954 1336 Si
969 1265 1049 1354 aas,
1068 1262 1206 1363 inquit,
1221 1280 1260 1337 ut

185 1380 337 1455 crudam
357 1379 439 1454 Deo
463 1397 546 1470 tuo,
569 1380 638 1453 tibi
659 1407 840 1454 venenam
861 1380 981 1454 bibere
1004 1380 1117 1454 dabo.
1147 1381 1261 1481 Quod

185 1496 279 1570 daun
302 1495 454 1587 biberis,
481 1498 517 1571 si
540 1514 703 1572 mortuus
724 1523 799 1572 non
809 1500 956 1597 fiatis,
979 1498 1175 1600 apparebit
1197 1525 1263 1573 ve-

187 1639 269 1688 ram
297 1640 376 1689 esse
403 1615 523 1688 Deum
556 1632 670 1690 tuum.
701 1616 897 1716 Apostolus
927 1631 1048 1690 autem
1078 1614 1148 1691 hoc
1177 1641 1262 1716 pac-

187 1747 270 1806 tum
282 1734 471 1807 consessit.
485 1735 601 1810 Porro
610 1733 867 1825 Aristodimus,
882 1759 965 1809 eum
976 1749 1112 1809 terrere
1121 1734 1260 1819 volens,

187 1848 233 1924 ad
243 1850 501 1950 proconsulem
515 1851 693 1951 perrexit,
708 1850 872 1953 duosque
885 1851 985 1925 viros
993 1904 1005 1940 ,
1020 1851 1083 1951 qui
1102 1876 1173 1950 pro
1190 1851 1261 1924 suis

187 1966 383 2043 sceleribus
405 1967 606 2043 decollandi
628 1986 749 2058 erant,
767 1966 813 2041 ab
831 1994 874 2043 eo
890 1969 1009 2069 petiit.
1029 1967 1098 2042 lllo
1115 1964 1260 2040 tandem

188 2082 431 2173 couoedente,
450 2085 489 2157 in
507 2085 668 2158 medium
689 2083 814 2158 forum
832 2082 976 2157 adducti
998 2098 1102 2175 sunt,
1127 2099 1165 2158 et
1187 2082 1263 2155 illic

191 2202 229 2274 in
248 2217 447 2301 conspectu
461 2202 615 2301 apostoli
633 2217 677 2276 et.
690 2203 804 2277 totius
819 2201 944 2302 populi
963 2226 1144 2275 venenum
1158 2199 1265 2275 bibe-

190 2333 300 2405 runt,
321 2331 359 2391 et
375 2342 462 2390 mox
482 2317 652 2416 spiritum
670 2314 896 2391 exhalarunt.
910 2316 1041 2391 Beatus
1053 2341 1141 2390 vero
1156 2319 1264 2389 Joan-

191 2459 278 2522 nes,
299 2432 504 2531 jacentibus
517 2434 675 2507 mortuis
690 2435 755 2535 qui
773 2459 953 2509 venenum
970 2431 1160 2524 biberant,
1181 2435 1263 2507 cali-

192 2573 271 2623 cem
295 2547 497 2648 intrepidus
521 2549 678 2649 accepit3
704 2564 742 2623 et
766 2549 991 2650 signaculum
1014 2550 1130 2623 crucis
1157 2550 1195 2623 in
1222 2575 1266 2624 eo

191 2661 347 2752 boiens,
365 2662 495 2738 devote
511 2665 648 2755 oravit,
666 2665 880 2766 cunctisque
896 2662 1125 2738 audientibus
1144 2661 1268 2739 ineffa-

192 2779 282 2854 bilia
298 2781 365 2855 Ilei
385 2806 494 2881 opera
517 2781 675 2857 fideliter
692 2783 921 2858 memoravit.
942 2780 1080 2857 Deinde
1097 2782 1267 2880 semetip-

190 2923 275 2970 sum
291 2897 397 2997 signo
413 2899 532 2971 crucis
546 2899 718 2988 amavit,
733 2913 924 3000 totumque
943 2895 1134 2998 quoderat
1152 2898 1192 2970 in
1210 2922 1267 2968 oa·

187 3011 264 3088 lice
281 3011 397 3100 bibit,
415 3015 646 3115 Dominoque
662 3017 792 3114 gratias
811 3038 940 3114 agens,
959 3011 1064 3086 laetus
1086 3027 1123 3087 et
1144 3010 1268 3085 hilaris

185 3131 407 3230 permansit.
436 3129 544 3223 Quod
566 3129 792 3204 attendentes
815 3129 963 3230 populi,
990 3127 1264 3202 clamaverunt:

186 3249 304 3324 Um
318 3272 427 3321 corus
442 3248 545 3321 Deus
563 3264 616 3321 est
633 3273 740 3346 quem
752 3247 936 3346 praelicat
951 3248 1125 3321 Ioannes.

241 3365 487 3440 Aristodimas
502 3382 622 3440 autem
631 3419 643 3455 ,
663 3391 748 3438 cnm
768 3392 833 3465 per
849 3381 923 3439 tres
939 3364 1046 3438 horas
1063 3362 1268 3463 apostolum

182 3483 263 3559 nei
275 3483 411 3558 obnixe
423 3483 698 3570 considerasset,
712 3507 779 3556 nec
790 3507 874 3555 eum
889 3480 1036 3583 aliquod
1048 3481 1195 3580 palloris
1207 3506 1270 3553 seu

185 3598 449 3698 trepidationis
460 3600 641 3698 specimen
659 3596 789 3672 habere
805 3595 1115 3697 deprehendisset,
1130 3590 1271 3670 caeteris

186 3741 283 3792 eum
298 3713 574 3817 objurgantibus
589 3716 734 3790 credere
749 3711 991 3803 detrectabat,
1010 3714 1070 3788 sed
1087 3711 1271 3788 obdurato

191 3832 310 3908 corde
328 3835 470 3908 veritati
487 3833 605 3908 adhuc
622 3832 820 3908 resistebat.
841 3833 1005 3933 Denique
1018 3832 1125 3931 petiit
1144 3843 1185 3904 ut
1202 3857 1269 3905 ve-

236 4206 276 4277 lt)
294 4204 391 4261 tim:
409 4204 612 4262 Aristodemus.
