<?xml version="1.0" encoding="UTF-8"?>
<!DOCTYPE html PUBLIC "-//W3C//DTD XHTML 1.0 Transitional//EN"
    "http://www.w3.org/TR/xhtml1/DTD/xhtml1-transitional.dtd">
<html xmlns="http://www.w3.org/1999/xhtml" xml:lang="en" lang="en">
 <head>
  <title>
</title>
<meta http-equiv="Content-Type" content="text/html;charset=utf-8" />
  <meta name='ocr-system' content='tesseract 3.04.00' />
  <meta name='ocr-capabilities' content='ocr_page ocr_carea ocr_par ocr_line ocrx_word'/>
</head>
<body>
  <div class='ocr_page' id='page_1' title='image "./ordericivitalis02deligoog/ordericivitalis02deligoog_0178.png"; bbox 0 0 2894 4958; ppageno 0'>
   <div class='ocr_carea' id='block_1_1' title="bbox 570 442 1253 507">
    <p class='ocr_par' dir='ltr' id='par_1_1' title="bbox 570 442 1253 507">
     <span class='ocr_line' id='line_1_1' title="bbox 570 442 1253 507; baseline 0.004 -4"><span class='ocrx_word' id='word_1_1' title='bbox 570 442 687 505; x_wconf 79' lang='lat' dir='ltr'>blBEll</span> <span class='ocrx_word' id='word_1_2' title='bbox 708 443 866 504; x_wconf 79' lang='lat' dir='ltr'><strong>PRIMUS.</strong></span> <span class='ocrx_word' id='word_1_3' title='bbox 1195 446 1253 507; x_wconf 80' lang='lat'>165</span> 
     </span>
    </p>
   </div>
   <div class='ocr_carea' id='block_1_2' title="bbox 183 562 1262 2888">
    <p class='ocr_par' dir='ltr' id='par_1_2' title="bbox 183 562 1256 1014">
     <span class='ocr_line' id='line_1_2' title="bbox 183 562 1254 664; baseline 0.001 -28"><span class='ocrx_word' id='word_1_4' title='bbox 183 575 304 650; x_wconf 78' lang='lat' dir='ltr'>vemt,</span> <span class='ocrx_word' id='word_1_5' title='bbox 322 587 430 662; x_wconf 87' lang='lat' dir='ltr'>super</span> <span class='ocrx_word' id='word_1_6' title='bbox 442 562 649 635; x_wconf 87' lang='lat' dir='ltr'>universum</span> <span class='ocrx_word' id='word_1_7' title='bbox 663 564 770 635; x_wconf 89' lang='lat' dir='ltr'>etiam</span> <span class='ocrx_word' id='word_1_8' title='bbox 782 589 927 663; x_wconf 80' lang='lat' dir='ltr'>gregem</span> <span class='ocrx_word' id='word_1_9' title='bbox 938 562 1070 636; x_wconf 76' lang='lat' dir='ltr'>Christi</span> <span class='ocrx_word' id='word_1_10' title='bbox 1086 587 1178 663; x_wconf 83' lang='lat' dir='ltr'>pene</span> <span class='ocrx_word' id='word_1_11' title='bbox 1189 591 1254 664; x_wconf 87' lang='lat' dir='ltr'>per</span> 
     </span>
     <span class='ocr_line' id='line_1_3' title="bbox 184 677 1252 770; baseline -0.001 -16"><span class='ocrx_word' id='word_1_12' title='bbox 184 694 301 755; x_wconf 84' lang='lat' dir='ltr'>totam</span> <span class='ocrx_word' id='word_1_13' title='bbox 311 679 511 751; x_wconf 85' lang='lat' dir='ltr'>Britanniae</span> <span class='ocrx_word' id='word_1_14' title='bbox 522 677 675 751; x_wconf 88' lang='lat' dir='ltr'>insulam</span> <span class='ocrx_word' id='word_1_15' title='bbox 686 678 879 754; x_wconf 83' lang='lat' dir='ltr'>admodum</span> <span class='ocrx_word' id='word_1_16' title='bbox 891 678 1252 770; x_wconf 77' lang='lat' dir='ltr'>debacchatal&#39;uerat3</span> 
     </span>
     <span class='ocr_line' id='line_1_4' title="bbox 185 794 1256 897; baseline 0.002 -26"><span class='ocrx_word' id='word_1_17' title='bbox 185 813 224 871; x_wconf 85' lang='lat' dir='ltr'>ct</span> <span class='ocrx_word' id='word_1_18' title='bbox 251 797 359 870; x_wconf 87' lang='lat' dir='ltr'>sacris</span> <span class='ocrx_word' id='word_1_19' title='bbox 383 794 520 868; x_wconf 76' lang='lat' dir='ltr'>aedibus</span> <span class='ocrx_word' id='word_1_20' title='bbox 549 795 761 887; x_wconf 86' lang='lat' dir='ltr'>destructis,</span> <span class='ocrx_word' id='word_1_21' title='bbox 789 798 986 872; x_wconf 90' lang='lat' dir='ltr'>dominicas</span> <span class='ocrx_word' id='word_1_22' title='bbox 1019 824 1102 873; x_wconf 83' lang='lat' dir='ltr'>oves</span> <span class='ocrx_word' id='word_1_23' title='bbox 1128 798 1256 897; x_wconf 89' lang='lat' dir='ltr'>lupino</span> 
     </span>
     <span class='ocr_line' id='line_1_5' title="bbox 187 913 912 1014; baseline -0.001 -25"><span class='ocrx_word' id='word_1_24' title='bbox 187 940 290 991; x_wconf 84' lang='lat' dir='ltr'>more</span> <span class='ocrx_word' id='word_1_25' title='bbox 306 914 520 1003; x_wconf 86' lang='lat' dir='ltr'>laniaverat,</span> <span class='ocrx_word' id='word_1_26' title='bbox 538 940 600 989; x_wconf 89' lang='lat' dir='ltr'>seu</span> <span class='ocrx_word' id='word_1_27' title='bbox 613 913 857 1014; x_wconf 88' lang='lat' dir='ltr'>disperserat(</span> <span class='ocrx_word' id='word_1_28' title='bbox 881 917 912 1014; x_wconf 87' lang='lat'>).</span> 
     </span>
    </p>

    <p class='ocr_par' dir='ltr' id='par_1_3' title="bbox 183 1028 1258 1481">
     <span class='ocr_line' id='line_1_6' title="bbox 242 1028 1256 1130; baseline 0.001 -27"><span class='ocrx_word' id='word_1_29' title='bbox 242 1028 469 1130; x_wconf 83' lang='lat' dir='ltr'>Nicephorus</span> <span class='ocrx_word' id='word_1_30' title='bbox 495 1030 710 1129; x_wconf 84' lang='lat' dir='ltr'>imperator,</span> <span class='ocrx_word' id='word_1_31' title='bbox 744 1053 769 1102; x_wconf 90' lang='lat' dir='ltr'>x</span> <span class='ocrx_word' id='word_1_32' title='bbox 797 1032 915 1103; x_wconf 83' lang='lat' dir='ltr'>annis.</span> <span class='ocrx_word' id='word_1_33' title='bbox 945 1030 1187 1106; x_wconf 85' lang='lat' dir='ltr'>Turbationes</span> <span class='ocrx_word' id='word_1_34' title='bbox 1217 1034 1256 1104; x_wconf 90' lang='lat' dir='ltr'>in</span> 
     </span>
     <span class='ocr_line' id='line_1_7' title="bbox 186 1146 1257 1247; baseline -0.002 -26"><span class='ocrx_word' id='word_1_35' title='bbox 186 1146 328 1222; x_wconf 88' lang='lat' dir='ltr'>mundo</span> <span class='ocrx_word' id='word_1_36' title='bbox 344 1147 469 1220; x_wconf 79' lang='lat' dir='ltr'>nimiae</span> <span class='ocrx_word' id='word_1_37' title='bbox 485 1146 697 1233; x_wconf 84' lang='lat' dir='ltr'>saevierunt,</span> <span class='ocrx_word' id='word_1_38' title='bbox 716 1146 882 1246; x_wconf 89' lang='lat' dir='ltr'>avidique</span> <span class='ocrx_word' id='word_1_39' title='bbox 896 1172 1063 1247; x_wconf 88' lang='lat' dir='ltr'>proceres</span> <span class='ocrx_word' id='word_1_40' title='bbox 1076 1174 1159 1220; x_wconf 90' lang='lat' dir='ltr'>cum</span> <span class='ocrx_word' id='word_1_41' title='bbox 1176 1147 1257 1220; x_wconf 80' lang='lat' dir='ltr'>sub</span> 
     </span>
     <span class='ocr_line' id='line_1_8' title="bbox 183 1263 1258 1365; baseline -0.001 -25"><span class='ocrx_word' id='word_1_42' title='bbox 183 1266 289 1365; x_wconf 85' lang='lat' dir='ltr'>jectis</span> <span class='ocrx_word' id='word_1_43' title='bbox 318 1263 536 1339; x_wconf 83' lang='lat' dir='ltr'>exercitibus</span> <span class='ocrx_word' id='word_1_44' title='bbox 559 1279 686 1346; x_wconf 84' lang='lat' dir='ltr'>contra</span> <span class='ocrx_word' id='word_1_45' title='bbox 711 1290 813 1363; x_wconf 85' lang='lat' dir='ltr'>pares</span> <span class='ocrx_word' id='word_1_46' title='bbox 838 1266 876 1336; x_wconf 93' lang='lat' dir='ltr'>in</span> <span class='ocrx_word' id='word_1_47' title='bbox 901 1263 1000 1338; x_wconf 91' lang='lat' dir='ltr'>bello</span> <span class='ocrx_word' id='word_1_48' title='bbox 1027 1291 1258 1339; x_wconf 82' lang='lat' dir='ltr'>consurrexe-</span> 
     </span>
     <span class='ocr_line' id='line_1_9' title="bbox 188 1382 363 1481; baseline -0.011 -23"><span class='ocrx_word' id='word_1_49' title='bbox 188 1385 307 1481; x_wconf 88' lang='lat' dir='ltr'>runt(</span> <span class='ocrx_word' id='word_1_50' title='bbox 331 1382 363 1481; x_wconf 83' lang='lat'>).</span> 
     </span>
    </p>

    <p class='ocr_par' dir='ltr' id='par_1_4' title="bbox 188 1495 1262 2888">
     <span class='ocr_line' id='line_1_10' title="bbox 237 1495 1260 1598; baseline -0.001 -28"><span class='ocrx_word' id='word_1_51' title='bbox 237 1499 393 1572; x_wconf 84' lang='lat' dir='ltr'>Joannes</span> <span class='ocrx_word' id='word_1_52' title='bbox 401 1552 412 1587; x_wconf 93' lang='lat'><strong><em>,</em></strong></span> <span class='ocrx_word' id='word_1_53' title='bbox 427 1499 546 1571; x_wconf 90' lang='lat' dir='ltr'>occiso</span> <span class='ocrx_word' id='word_1_54' title='bbox 558 1495 790 1596; x_wconf 88' lang='lat' dir='ltr'>Nicephoro,</span> <span class='ocrx_word' id='word_1_55' title='bbox 806 1523 871 1596; x_wconf 89' lang='lat' dir='ltr'>per</span> <span class='ocrx_word' id='word_1_56' title='bbox 884 1522 1037 1571; x_wconf 84' lang='lat' dir='ltr'>uxorem</span> <span class='ocrx_word' id='word_1_57' title='bbox 1048 1500 1123 1597; x_wconf 85' lang='lat' dir='ltr'>ejus</span> <span class='ocrx_word' id='word_1_58' title='bbox 1134 1522 1260 1598; x_wconf 78' lang='lat' dir='ltr'>regna-</span> 
     </span>
     <span class='ocr_line' id='line_1_11' title="bbox 188 1614 1256 1716; baseline -0.003 -27"><span class='ocrx_word' id='word_1_59' title='bbox 188 1616 264 1704; x_wconf 86' lang='lat' dir='ltr'>vit,</span> <span class='ocrx_word' id='word_1_60' title='bbox 284 1620 384 1715; x_wconf 89' lang='lat' dir='ltr'>cujus</span> <span class='ocrx_word' id='word_1_61' title='bbox 395 1617 512 1716; x_wconf 87' lang='lat' dir='ltr'>neptis</span> <span class='ocrx_word' id='word_1_62' title='bbox 523 1614 748 1715; x_wconf 86' lang='lat' dir='ltr'>Theophanu</span> <span class='ocrx_word' id='word_1_63' title='bbox 759 1615 887 1689; x_wconf 89' lang='lat' dir='ltr'>Ottoni</span> <span class='ocrx_word' id='word_1_64' title='bbox 899 1616 1106 1714; x_wconf 86' lang='lat' dir='ltr'>imperatori</span> <span class='ocrx_word' id='word_1_65' title='bbox 1118 1616 1256 1714; x_wconf 89' lang='lat' dir='ltr'>nupsit.</span> 
     </span>
     <span class='ocr_line' id='line_1_12' title="bbox 190 1731 1259 1833; baseline 0.002 -28"><span class='ocrx_word' id='word_1_66' title='bbox 190 1731 332 1826; x_wconf 84' lang='lat' dir='ltr'>Quinto</span> <span class='ocrx_word' id='word_1_67' title='bbox 355 1734 497 1833; x_wconf 88' lang='lat' dir='ltr'>imperii</span> <span class='ocrx_word' id='word_1_68' title='bbox 519 1736 594 1833; x_wconf 89' lang='lat' dir='ltr'>ejus</span> <span class='ocrx_word' id='word_1_69' title='bbox 615 1759 712 1807; x_wconf 88' lang='lat' dir='ltr'>anno</span> <span class='ocrx_word' id='word_1_70' title='bbox 733 1733 821 1806; x_wconf 88' lang='lat' dir='ltr'>Otto</span> <span class='ocrx_word' id='word_1_71' title='bbox 837 1734 960 1806; x_wconf 88' lang='lat' dir='ltr'>minor</span> <span class='ocrx_word' id='word_1_72' title='bbox 976 1731 1087 1822; x_wconf 88' lang='lat' dir='ltr'>obiit,</span> <span class='ocrx_word' id='word_1_73' title='bbox 1110 1748 1149 1806; x_wconf 89' lang='lat' dir='ltr'>et</span> <span class='ocrx_word' id='word_1_74' title='bbox 1170 1733 1259 1807; x_wconf 85' lang='lat' dir='ltr'>Otto</span> 
     </span>
     <span class='ocr_line' id='line_1_13' title="bbox 189 1847 1260 1950; baseline -0.001 -28"><span class='ocrx_word' id='word_1_75' title='bbox 189 1847 286 1923; x_wconf 88' lang='lat' dir='ltr'>filius</span> <span class='ocrx_word' id='word_1_76' title='bbox 305 1853 379 1950; x_wconf 89' lang='lat' dir='ltr'>ejus</span> <span class='ocrx_word' id='word_1_77' title='bbox 398 1864 482 1949; x_wconf 91' lang='lat' dir='ltr'>post</span> <span class='ocrx_word' id='word_1_78' title='bbox 498 1876 581 1923; x_wconf 93' lang='lat' dir='ltr'>eum</span> <span class='ocrx_word' id='word_1_79' title='bbox 602 1850 814 1923; x_wconf 89' lang='lat' dir='ltr'>xv111annis</span> <span class='ocrx_word' id='word_1_80' title='bbox 831 1850 1008 1949; x_wconf 81' lang='lat' dir='ltr'>regnavit.</span> <span class='ocrx_word' id='word_1_81' title='bbox 1029 1851 1134 1921; x_wconf 90' lang='lat' dir='ltr'>Tunc</span> <span class='ocrx_word' id='word_1_82' title='bbox 1153 1849 1260 1948; x_wconf 82' lang='lat' dir='ltr'>Hugo</span> 
     </span>
     <span class='ocr_line' id='line_1_14' title="bbox 189 1965 1261 2068; baseline -0.004 -28"><span class='ocrx_word' id='word_1_83' title='bbox 189 1967 343 2068; x_wconf 82' lang='lat' dir='ltr'>Magnus</span> <span class='ocrx_word' id='word_1_84' title='bbox 364 1967 496 2068; x_wconf 85' lang='lat' dir='ltr'>aliique</span> <span class='ocrx_word' id='word_1_85' title='bbox 515 1993 684 2066; x_wconf 87' lang='lat' dir='ltr'>proceres</span> <span class='ocrx_word' id='word_1_86' title='bbox 709 1968 933 2041; x_wconf 88' lang='lat' dir='ltr'>Francorum</span> <span class='ocrx_word' id='word_1_87' title='bbox 952 1982 1080 2041; x_wconf 86' lang='lat' dir='ltr'>eontra</span> <span class='ocrx_word' id='word_1_88' title='bbox 1105 1965 1261 2040; x_wconf 87' lang='lat' dir='ltr'>Ludovi-</span> 
     </span>
     <span class='ocr_line' id='line_1_15' title="bbox 191 2084 1260 2186; baseline -0.003 -27"><span class='ocrx_word' id='word_1_89' title='bbox 191 2111 275 2159; x_wconf 90' lang='lat' dir='ltr'>cum</span> <span class='ocrx_word' id='word_1_90' title='bbox 287 2111 410 2186; x_wconf 76' lang='lat' dir='ltr'>regem</span> <span class='ocrx_word' id='word_1_91' title='bbox 426 2084 704 2160; x_wconf 84' lang='lat' dir='ltr'>rebellaverunt.</span> <span class='ocrx_word' id='word_1_92' title='bbox 723 2085 898 2159; x_wconf 86' lang='lat' dir='ltr'>Praesatus</span> <span class='ocrx_word' id='word_1_93' title='bbox 915 2087 1049 2186; x_wconf 90' lang='lat' dir='ltr'>quippe</span> <span class='ocrx_word' id='word_1_94' title='bbox 1062 2085 1136 2158; x_wconf 87' lang='lat' dir='ltr'>dux</span> <span class='ocrx_word' id='word_1_95' title='bbox 1151 2084 1260 2157; x_wconf 82' lang='lat' dir='ltr'>vesti-</span> 
     </span>
     <span class='ocr_line' id='line_1_16' title="bbox 190 2200 1260 2303; baseline -0.002 -29"><span class='ocrx_word' id='word_1_96' title='bbox 190 2203 248 2303; x_wconf 79' lang='lat' dir='ltr'>gia</span> <span class='ocrx_word' id='word_1_97' title='bbox 257 2200 431 2276; x_wconf 77' lang='lat' dir='ltr'>liodberti</span> <span class='ocrx_word' id='word_1_98' title='bbox 443 2204 554 2301; x_wconf 85' lang='lat' dir='ltr'>patris</span> <span class='ocrx_word' id='word_1_99' title='bbox 564 2204 618 2275; x_wconf 91' lang='lat' dir='ltr'>sui</span> <span class='ocrx_word' id='word_1_100' title='bbox 632 2218 772 2276; x_wconf 88' lang='lat' dir='ltr'>secutus</span> <span class='ocrx_word' id='word_1_101' title='bbox 783 2217 855 2292; x_wconf 89' lang='lat' dir='ltr'>est,</span> <span class='ocrx_word' id='word_1_102' title='bbox 869 2204 931 2303; x_wconf 92' lang='lat' dir='ltr'>qui</span> <span class='ocrx_word' id='word_1_103' title='bbox 947 2217 1073 2274; x_wconf 89' lang='lat' dir='ltr'>contra</span> <span class='ocrx_word' id='word_1_104' title='bbox 1084 2200 1260 2274; x_wconf 89' lang='lat' dir='ltr'>Karolum</span> 
     </span>
     <span class='ocr_line' id='line_1_17' title="bbox 191 2318 1261 2421; baseline -0.003 -27"><span class='ocrx_word' id='word_1_105' title='bbox 191 2319 400 2419; x_wconf 79' lang='lat' dir='ltr'>simplicem</span> <span class='ocrx_word' id='word_1_106' title='bbox 425 2318 630 2410; x_wconf 85' lang='lat' dir='ltr'>rebellavit,</span> <span class='ocrx_word' id='word_1_107' title='bbox 656 2335 693 2394; x_wconf 93' lang='lat' dir='ltr'>et</span> <span class='ocrx_word' id='word_1_108' title='bbox 710 2321 748 2393; x_wconf 92' lang='lat' dir='ltr'>in</span> <span class='ocrx_word' id='word_1_109' title='bbox 765 2345 888 2421; x_wconf 83' lang='lat' dir='ltr'>regem</span> <span class='ocrx_word' id='word_1_110' title='bbox 905 2336 1036 2393; x_wconf 91' lang='lat' dir='ltr'>unctus</span> <span class='ocrx_word' id='word_1_111' title='bbox 1060 2334 1126 2393; x_wconf 89' lang='lat' dir='ltr'>est.</span> <span class='ocrx_word' id='word_1_112' title='bbox 1145 2321 1261 2392; x_wconf 90' lang='lat' dir='ltr'>Porro</span> 
     </span>
     <span class='ocr_line' id='line_1_18' title="bbox 192 2436 1261 2537; baseline -0.004 -28"><span class='ocrx_word' id='word_1_113' title='bbox 192 2436 347 2510; x_wconf 85' lang='lat' dir='ltr'>Karolus</span> <span class='ocrx_word' id='word_1_114' title='bbox 365 2462 450 2525; x_wconf 84' lang='lat' dir='ltr'>rex,</span> <span class='ocrx_word' id='word_1_115' title='bbox 476 2453 517 2508; x_wconf 90' lang='lat' dir='ltr'>ut</span> <span class='ocrx_word' id='word_1_116' title='bbox 535 2464 571 2511; x_wconf 91' lang='lat' dir='ltr'>se</span> <span class='ocrx_word' id='word_1_117' title='bbox 593 2464 612 2508; x_wconf 85' lang='lat' dir='ltr'>a</span> <span class='ocrx_word' id='word_1_118' title='bbox 627 2440 777 2537; x_wconf 88' lang='lat' dir='ltr'>perjuro</span> <span class='ocrx_word' id='word_1_119' title='bbox 797 2436 888 2510; x_wconf 90' lang='lat' dir='ltr'>duee</span> <span class='ocrx_word' id='word_1_120' title='bbox 906 2449 1157 2534; x_wconf 85' lang='lat' dir='ltr'>contemptum</span> <span class='ocrx_word' id='word_1_121' title='bbox 1177 2461 1261 2534; x_wconf 90' lang='lat' dir='ltr'>per-</span> 
     </span>
     <span class='ocr_line' id='line_1_19' title="bbox 192 2551 1262 2653; baseline -0.005 -26"><span class='ocrx_word' id='word_1_122' title='bbox 192 2554 328 2653; x_wconf 78' lang='lat' dir='ltr'>spexit,</span> <span class='ocrx_word' id='word_1_123' title='bbox 353 2553 519 2627; x_wconf 92' lang='lat' dir='ltr'>nondum</span> <span class='ocrx_word' id='word_1_124' title='bbox 541 2578 639 2626; x_wconf 86' lang='lat' dir='ltr'>anno</span> <span class='ocrx_word' id='word_1_125' title='bbox 664 2554 826 2653; x_wconf 80' lang='lat' dir='ltr'>expleto,</span> <span class='ocrx_word' id='word_1_126' title='bbox 850 2553 963 2653; x_wconf 91' lang='lat' dir='ltr'>copiis</span> <span class='ocrx_word' id='word_1_127' title='bbox 984 2551 1144 2653; x_wconf 89' lang='lat' dir='ltr'>undique</span> <span class='ocrx_word' id='word_1_128' title='bbox 1170 2576 1262 2624; x_wconf 90' lang='lat' dir='ltr'>con-</span> 
     </span>
     <span class='ocr_line' id='line_1_20' title="bbox 192 2668 1262 2769; baseline -0.005 -27"><span class='ocrx_word' id='word_1_129' title='bbox 192 2671 318 2742; x_wconf 86' lang='lat' dir='ltr'>tractis</span> <span class='ocrx_word' id='word_1_130' title='bbox 341 2670 379 2742; x_wconf 96' lang='lat' dir='ltr'>in</span> <span class='ocrx_word' id='word_1_131' title='bbox 401 2669 620 2744; x_wconf 88' lang='lat' dir='ltr'>desertorem</span> <span class='ocrx_word' id='word_1_132' title='bbox 644 2671 826 2759; x_wconf 85' lang='lat' dir='ltr'>surrexit,</span> <span class='ocrx_word' id='word_1_133' title='bbox 855 2671 1043 2769; x_wconf 91' lang='lat' dir='ltr'>ipsumque</span> <span class='ocrx_word' id='word_1_134' title='bbox 1064 2668 1262 2741; x_wconf 89' lang='lat' dir='ltr'>Suessionis</span> 
     </span>
     <span class='ocr_line' id='line_1_21' title="bbox 192 2785 757 2888; baseline -0.002 -29"><span class='ocrx_word' id='word_1_135' title='bbox 192 2785 389 2888; x_wconf 82' lang='lat' dir='ltr'>pugnando</span> <span class='ocrx_word' id='word_1_136' title='bbox 402 2787 491 2859; x_wconf 85' lang='lat' dir='ltr'>vicit</span> <span class='ocrx_word' id='word_1_137' title='bbox 509 2803 545 2860; x_wconf 90' lang='lat' dir='ltr'>et</span> <span class='ocrx_word' id='word_1_138' title='bbox 562 2785 757 2861; x_wconf 84' lang='lat' dir='ltr'>interfecit.</span> 
     </span>
    </p>
   </div>
   <div class='ocr_carea' id='block_1_3' title="bbox 196 3137 1274 4289">
    <p class='ocr_par' dir='ltr' id='par_1_5' title="bbox 196 3137 1266 3483">
     <span class='ocr_line' id='line_1_22' title="bbox 229 3137 1264 3213; baseline -0.001 -20"><span class='ocrx_word' id='word_1_139' title='bbox 229 3141 269 3211; x_wconf 83' lang='grc' dir='ltr'>(ι)</span> <span class='ocrx_word' id='word_1_140' title='bbox 286 3142 319 3210; x_wconf 76' lang='lat' dir='ltr'>(a</span> <span class='ocrx_word' id='word_1_141' title='bbox 330 3139 423 3211; x_wconf 86' lang='lat' dir='ltr'>juillet</span> <span class='ocrx_word' id='word_1_142' title='bbox 440 3138 545 3213; x_wconf 75' lang='lat'><strong>963-10</strong></span> <span class='ocrx_word' id='word_1_143' title='bbox 561 3139 708 3195; x_wconf 73' lang='lat' dir='ltr'>decembre</span> <span class='ocrx_word' id='word_1_144' title='bbox 723 3139 804 3213; x_wconf 86' lang='lat'>969.)</span> <span class='ocrx_word' id='word_1_145' title='bbox 820 3139 895 3194; x_wconf 84' lang='lat' dir='ltr'>Dans</span> <span class='ocrx_word' id='word_1_146' title='bbox 912 3157 952 3193; x_wconf 94' lang='lat' dir='ltr'>un</span> <span class='ocrx_word' id='word_1_147' title='bbox 972 3138 1053 3194; x_wconf 88' lang='lat' dir='ltr'>siecle</span> <span class='ocrx_word' id='word_1_148' title='bbox 1071 3139 1094 3192; x_wconf 86' lang='lat' dir='ltr'>si</span> <span class='ocrx_word' id='word_1_149' title='bbox 1112 3137 1211 3193; x_wconf 79' lang='lat' dir='ltr'>second</span> <span class='ocrx_word' id='word_1_150' title='bbox 1229 3157 1264 3193; x_wconf 92' lang='lat' dir='ltr'>en</span> 
     </span>
     <span class='ocr_line' id='line_1_23' title="bbox 196 3226 1264 3298; baseline -0.002 -13"><span class='ocrx_word' id='word_1_151' title='bbox 196 3226 337 3295; x_wconf 77' lang='lat' dir='ltr'>discordes</span> <span class='ocrx_word' id='word_1_152' title='bbox 348 3240 377 3285; x_wconf 90' lang='lat' dir='ltr'>et</span> <span class='ocrx_word' id='word_1_153' title='bbox 394 3249 430 3284; x_wconf 91' lang='lat' dir='ltr'>en</span> <span class='ocrx_word' id='word_1_154' title='bbox 442 3230 594 3298; x_wconf 76' lang='lat' dir='ltr'>calamites,</span> <span class='ocrx_word' id='word_1_155' title='bbox 609 3229 630 3283; x_wconf 93' lang='lat' dir='ltr'>il</span> <span class='ocrx_word' id='word_1_156' title='bbox 647 3230 731 3284; x_wconf 84' lang='lat' dir='ltr'>serait</span> <span class='ocrx_word' id='word_1_157' title='bbox 742 3227 853 3285; x_wconf 86' lang='lat' dir='ltr'>difficile</span> <span class='ocrx_word' id='word_1_158' title='bbox 871 3228 906 3283; x_wconf 92' lang='lat' dir='ltr'>de</span> <span class='ocrx_word' id='word_1_159' title='bbox 922 3227 1096 3284; x_wconf 79' lang='lat' dir='ltr'>reconnaitre</span> <span class='ocrx_word' id='word_1_160' title='bbox 1111 3228 1150 3282; x_wconf 82' lang='lat' dir='ltr'>les</span> <span class='ocrx_word' id='word_1_161' title='bbox 1166 3230 1264 3283; x_wconf 84' lang='lat' dir='ltr'>evene·</span> 
     </span>
     <span class='ocr_line' id='line_1_24' title="bbox 197 3316 1266 3392; baseline -0.001 -22"><span class='ocrx_word' id='word_1_162' title='bbox 197 3324 286 3372; x_wconf 82' lang='lat' dir='ltr'>ments</span> <span class='ocrx_word' id='word_1_163' title='bbox 299 3317 431 3392; x_wconf 83' lang='lat' dir='ltr'>auxquels</span> <span class='ocrx_word' id='word_1_164' title='bbox 447 3328 528 3372; x_wconf 87' lang='lat' dir='ltr'>notre</span> <span class='ocrx_word' id='word_1_165' title='bbox 540 3328 640 3373; x_wconf 87' lang='lat' dir='ltr'>auteur</span> <span class='ocrx_word' id='word_1_166' title='bbox 656 3336 673 3370; x_wconf 88' lang='lat' dir='ltr'>a</span> <span class='ocrx_word' id='word_1_167' title='bbox 685 3316 768 3373; x_wconf 87' lang='lat' dir='ltr'>voulu</span> <span class='ocrx_word' id='word_1_168' title='bbox 781 3317 850 3372; x_wconf 79' lang='lat' dir='ltr'>faire</span> <span class='ocrx_word' id='word_1_169' title='bbox 862 3316 980 3371; x_wconf 84' lang='lat' dir='ltr'>allusion</span> <span class='ocrx_word' id='word_1_170' title='bbox 999 3317 1042 3370; x_wconf 90' lang='lat' dir='ltr'>ici.</span> <span class='ocrx_word' id='word_1_171' title='bbox 1057 3316 1136 3371; x_wconf 81' lang='lat' dir='ltr'>Nous</span> <span class='ocrx_word' id='word_1_172' title='bbox 1150 3333 1266 3389; x_wconf 84' lang='lat' dir='ltr'>croyons</span> 
     </span>
     <span class='ocr_line' id='line_1_25' title="bbox 198 3406 956 3483; baseline -0.004 -19"><span class='ocrx_word' id='word_1_173' title='bbox 198 3407 353 3482; x_wconf 79' lang='lat' dir='ltr'>ccpcudant</span> <span class='ocrx_word' id='word_1_174' title='bbox 364 3426 419 3483; x_wconf 87' lang='lat' dir='ltr'>que</span> <span class='ocrx_word' id='word_1_175' title='bbox 430 3427 461 3463; x_wconf 87' lang='lat' dir='ltr'>oe</span> <span class='ocrx_word' id='word_1_176' title='bbox 473 3419 536 3464; x_wconf 86' lang='lat' dir='ltr'>sont</span> <span class='ocrx_word' id='word_1_177' title='bbox 548 3426 617 3464; x_wconf 86' lang='lat' dir='ltr'>ceux</span> <span class='ocrx_word' id='word_1_178' title='bbox 629 3408 678 3463; x_wconf 89' lang='lat' dir='ltr'>des</span> <span class='ocrx_word' id='word_1_179' title='bbox 690 3410 791 3463; x_wconf 85' lang='lat' dir='ltr'>annees</span> <span class='ocrx_word' id='word_1_180' title='bbox 802 3406 855 3482; x_wconf 77' lang='lat'>93⁰</span> <span class='ocrx_word' id='word_1_181' title='bbox 866 3411 882 3462; x_wconf 85' lang='lat' dir='ltr'>&#39;a</span> <span class='ocrx_word' id='word_1_182' title='bbox 893 3411 956 3481; x_wconf 71' lang='lat' dir='ltr'>plo.</span> 
     </span>
    </p>

    <p class='ocr_par' dir='ltr' id='par_1_6' title="bbox 200 3494 1270 3929">
     <span class='ocr_line' id='line_1_26' title="bbox 230 3494 1265 3573; baseline -0.004 -21"><span class='ocrx_word' id='word_1_183' title='bbox 230 3498 270 3568; x_wconf 82' lang='lat' dir='ltr'>(a)</span> <span class='ocrx_word' id='word_1_184' title='bbox 288 3494 338 3568; x_wconf 79' lang='lat'>(25</span> <span class='ocrx_word' id='word_1_185' title='bbox 351 3497 499 3552; x_wconf 78' lang='lat' dir='ltr'>decembre</span> <span class='ocrx_word' id='word_1_186' title='bbox 516 3496 619 3572; x_wconf 84' lang='lat'><strong>969-10</strong></span> <span class='ocrx_word' id='word_1_187' title='bbox 635 3497 742 3569; x_wconf 87' lang='lat' dir='ltr'>janvier</span> <span class='ocrx_word' id='word_1_188' title='bbox 760 3495 836 3573; x_wconf 89' lang='lat'>976.)</span> <span class='ocrx_word' id='word_1_189' title='bbox 853 3495 943 3552; x_wconf 90' lang='lat' dir='ltr'>Ottou</span> <span class='ocrx_word' id='word_1_190' title='bbox 963 3495 991 3549; x_wconf 92' lang='lat' dir='ltr'>ll</span> <span class='ocrx_word' id='word_1_191' title='bbox 1010 3498 1124 3568; x_wconf 81' lang='lat' dir='ltr'>epousa,</span> <span class='ocrx_word' id='word_1_192' title='bbox 1143 3513 1179 3549; x_wconf 90' lang='lat' dir='ltr'>en</span> <span class='ocrx_word' id='word_1_193' title='bbox 1195 3511 1265 3570; x_wconf 69' lang='lat'><strong>972,</strong></span> 
     </span>
     <span class='ocr_line' id='line_1_27' title="bbox 200 3585 1269 3660; baseline -0.001 -20"><span class='ocrx_word' id='word_1_194' title='bbox 200 3585 397 3660; x_wconf 82' lang='lat' dir='ltr'>Theophanie‚</span> <span class='ocrx_word' id='word_1_195' title='bbox 419 3587 474 3641; x_wconf 89' lang='lat' dir='ltr'>fille</span> <span class='ocrx_word' id='word_1_196' title='bbox 495 3587 531 3643; x_wconf 88' lang='lat' dir='ltr'>de</span> <span class='ocrx_word' id='word_1_197' title='bbox 550 3587 717 3660; x_wconf 87' lang='lat' dir='ltr'>l&#39;empereur</span> <span class='ocrx_word' id='word_1_198' title='bbox 740 3605 804 3659; x_wconf 81' lang='lat' dir='ltr'>grec</span> <span class='ocrx_word' id='word_1_199' title='bbox 825 3586 946 3641; x_wconf 84' lang='lat' dir='ltr'>Romaiu</span> <span class='ocrx_word' id='word_1_200' title='bbox 965 3586 1002 3641; x_wconf 94' lang='lat' dir='ltr'>II.</span> <span class='ocrx_word' id='word_1_201' title='bbox 1026 3586 1108 3641; x_wconf 88' lang='lat' dir='ltr'>Cette</span> <span class='ocrx_word' id='word_1_202' title='bbox 1130 3585 1269 3658; x_wconf 85' lang='lat' dir='ltr'>princesse</span> 
     </span>
     <span class='ocr_line' id='line_1_28' title="bbox 201 3675 1270 3753; baseline -0.005 -20"><span class='ocrx_word' id='word_1_203' title='bbox 201 3687 314 3733; x_wconf 77' lang='lat' dir='ltr'>mourut</span> <span class='ocrx_word' id='word_1_204' title='bbox 325 3680 342 3732; x_wconf 72' lang='lat' dir='ltr'>e</span> <span class='ocrx_word' id='word_1_205' title='bbox 357 3676 446 3732; x_wconf 86' lang='lat' dir='ltr'>Rome</span> <span class='ocrx_word' id='word_1_206' title='bbox 460 3677 486 3732; x_wconf 88' lang='lat' dir='ltr'>le</span> <span class='ocrx_word' id='word_1_207' title='bbox 501 3675 531 3732; x_wconf 77' lang='lat'>15</span> <span class='ocrx_word' id='word_1_208' title='bbox 542 3677 606 3749; x_wconf 90' lang='lat' dir='ltr'>juin</span> <span class='ocrx_word' id='word_1_209' title='bbox 618 3695 679 3751; x_wconf 85' lang='lat'>99¹·</span> <span class='ocrx_word' id='word_1_210' title='bbox 697 3678 755 3734; x_wconf 86' lang='lat' dir='ltr'>Son</span> <span class='ocrx_word' id='word_1_211' title='bbox 767 3679 838 3732; x_wconf 84' lang='lat' dir='ltr'>mari</span> <span class='ocrx_word' id='word_1_212' title='bbox 850 3696 868 3749; x_wconf 87' lang='lat' dir='ltr'>y</span> <span class='ocrx_word' id='word_1_213' title='bbox 881 3677 948 3731; x_wconf 84' lang='lat' dir='ltr'>etait</span> <span class='ocrx_word' id='word_1_214' title='bbox 961 3687 1036 3731; x_wconf 87' lang='lat' dir='ltr'>mort</span> <span class='ocrx_word' id='word_1_215' title='bbox 1050 3675 1077 3732; x_wconf 92' lang='lat' dir='ltr'>le</span> <span class='ocrx_word' id='word_1_216' title='bbox 1089 3695 1106 3753; x_wconf 83' lang='lat'>7</span> <span class='ocrx_word' id='word_1_217' title='bbox 1123 3675 1270 3730; x_wconf 86' lang='lat' dir='ltr'>decembre</span> 
     </span>
     <span class='ocr_line' id='line_1_29' title="bbox 201 3762 1270 3841; baseline -0.007 -17"><span class='ocrx_word' id='word_1_218' title='bbox 201 3762 259 3841; x_wconf 72' lang='lat'>985.</span> <span class='ocrx_word' id='word_1_219' title='bbox 273 3766 366 3824; x_wconf 90' lang='lat' dir='ltr'>Otton</span> <span class='ocrx_word' id='word_1_220' title='bbox 378 3768 436 3836; x_wconf 92' lang='lat'>111,</span> <span class='ocrx_word' id='word_1_221' title='bbox 451 3766 512 3823; x_wconf 91' lang='lat' dir='ltr'>leur</span> <span class='ocrx_word' id='word_1_222' title='bbox 521 3768 577 3838; x_wconf 87' lang='lat' dir='ltr'>fils,</span> <span class='ocrx_word' id='word_1_223' title='bbox 592 3771 734 3824; x_wconf 86' lang='lat' dir='ltr'>couronne</span> <span class='ocrx_word' id='word_1_224' title='bbox 743 3769 769 3823; x_wconf 89' lang='lat' dir='ltr'>le</span> <span class='ocrx_word' id='word_1_225' title='bbox 784 3767 817 3822; x_wconf 76' lang='lat'>25</span> <span class='ocrx_word' id='word_1_226' title='bbox 832 3767 980 3823; x_wconf 81' lang='lat' dir='ltr'>decembre</span> <span class='ocrx_word' id='word_1_227' title='bbox 990 3764 1044 3841; x_wconf 78' lang='lat'>985</span> <span class='ocrx_word' id='word_1_228' title='bbox 1057 3769 1074 3821; x_wconf 70' lang='grc' dir='ltr'>ὲ</span> <span class='ocrx_word' id='word_1_229' title='bbox 1085 3765 1270 3822; x_wconf 79' lang='lat' dir='ltr'>Aix-la·Cha-</span> 
     </span>
     <span class='ocr_line' id='line_1_30' title="bbox 203 3855 713 3929; baseline -0.002 -16"><span class='ocrx_word' id='word_1_230' title='bbox 203 3855 287 3928; x_wconf 80' lang='lat' dir='ltr'>pelle,</span> <span class='ocrx_word' id='word_1_231' title='bbox 301 3868 416 3913; x_wconf 87' lang='lat' dir='ltr'>mourut</span> <span class='ocrx_word' id='word_1_232' title='bbox 429 3857 455 3913; x_wconf 91' lang='lat' dir='ltr'>le</span> <span class='ocrx_word' id='word_1_233' title='bbox 467 3856 502 3913; x_wconf 76' lang='lat'>23</span> <span class='ocrx_word' id='word_1_234' title='bbox 513 3858 620 3929; x_wconf 86' lang='lat' dir='ltr'>janvier</span> <span class='ocrx_word' id='word_1_235' title='bbox 637 3876 713 3913; x_wconf 79' lang='lat'>1002.</span> 
     </span>
    </p>

    <p class='ocr_par' dir='ltr' id='par_1_7' title="bbox 204 3943 1274 4289">
     <span class='ocr_line' id='line_1_31' title="bbox 234 3943 1273 4029; baseline -0.004 -28"><span class='ocrx_word' id='word_1_236' title='bbox 234 3945 312 4002; x_wconf 83' lang='lat' dir='ltr'>Nous</span> <span class='ocrx_word' id='word_1_237' title='bbox 323 3964 443 4021; x_wconf 85' lang='lat' dir='ltr'>pensons</span> <span class='ocrx_word' id='word_1_238' title='bbox 454 3948 523 4023; x_wconf 90' lang='lat' dir='ltr'>qu’il</span> <span class='ocrx_word' id='word_1_239' title='bbox 536 3949 615 4029; x_wconf 74' lang='lat' dir='ltr'>s’agit</span> <span class='ocrx_word' id='word_1_240' title='bbox 634 3950 670 4003; x_wconf 90' lang='lat' dir='ltr'>ici</span> <span class='ocrx_word' id='word_1_241' title='bbox 689 3947 767 4003; x_wconf 91' lang='lat' dir='ltr'>dela</span> <span class='ocrx_word' id='word_1_242' title='bbox 785 3947 887 4004; x_wconf 85' lang='lat' dir='ltr'>revolte</span> <span class='ocrx_word' id='word_1_243' title='bbox 905 3947 941 4002; x_wconf 90' lang='lat' dir='ltr'>de</span> <span class='ocrx_word' id='word_1_244' title='bbox 958 3943 1231 4020; x_wconf 67' lang='lat' dir='ltr'>langues-te-Grand</span> <span class='ocrx_word' id='word_1_245' title='bbox 1244 3954 1273 3998; x_wconf 92' lang='lat' dir='ltr'>et</span> 
     </span>
     <span class='ocr_line' id='line_1_32' title="bbox 204 4033 1270 4110; baseline -0.002 -22"><span class='ocrx_word' id='word_1_246' title='bbox 204 4033 250 4088; x_wconf 83' lang='lat' dir='ltr'>des</span> <span class='ocrx_word' id='word_1_247' title='bbox 267 4045 360 4090; x_wconf 83' lang='lat' dir='ltr'>autres</span> <span class='ocrx_word' id='word_1_248' title='bbox 373 4036 517 4109; x_wconf 81' lang='lat' dir='ltr'>seigneurs</span> <span class='ocrx_word' id='word_1_249' title='bbox 535 4037 575 4092; x_wconf 93' lang='lat' dir='ltr'>du</span> <span class='ocrx_word' id='word_1_250' title='bbox 593 4056 725 4110; x_wconf 81' lang='lat' dir='ltr'>royaume</span> <span class='ocrx_word' id='word_1_251' title='bbox 743 4047 840 4092; x_wconf 90' lang='lat' dir='ltr'>contre</span> <span class='ocrx_word' id='word_1_252' title='bbox 858 4034 1138 4092; x_wconf 83' lang='lat' dir='ltr'>Leuis-d’Outremer</span> <span class='ocrx_word' id='word_1_253' title='bbox 1156 4052 1191 4088; x_wconf 92' lang='lat' dir='ltr'>eu</span> <span class='ocrx_word' id='word_1_254' title='bbox 1208 4035 1270 4106; x_wconf 72' lang='lat'><strong>94¹·</strong></span> 
     </span>
     <span class='ocr_line' id='line_1_33' title="bbox 206 4122 1273 4200; baseline -0.003 -23"><span class='ocrx_word' id='word_1_255' title='bbox 206 4124 247 4177; x_wconf 77' lang='lat' dir='ltr'>Au</span> <span class='ocrx_word' id='word_1_256' title='bbox 258 4125 362 4194; x_wconf 88' lang='lat' dir='ltr'>moins,</span> <span class='ocrx_word' id='word_1_257' title='bbox 376 4127 466 4198; x_wconf 86' lang='lat' dir='ltr'>parmi</span> <span class='ocrx_word' id='word_1_258' title='bbox 480 4125 519 4180; x_wconf 87' lang='lat' dir='ltr'>les</span> <span class='ocrx_word' id='word_1_259' title='bbox 532 4127 684 4182; x_wconf 80' lang='lat' dir='ltr'>nombreux</span> <span class='ocrx_word' id='word_1_260' title='bbox 697 4125 847 4181; x_wconf 72' lang='lat' dir='ltr'>differends</span> <span class='ocrx_word' id='word_1_261' title='bbox 859 4124 895 4181; x_wconf 91' lang='lat' dir='ltr'>de</span> <span class='ocrx_word' id='word_1_262' title='bbox 908 4146 939 4180; x_wconf 90' lang='lat' dir='ltr'>ee</span> <span class='ocrx_word' id='word_1_263' title='bbox 951 4126 1047 4200; x_wconf 87' lang='lat' dir='ltr'>prince</span> <span class='ocrx_word' id='word_1_264' title='bbox 1060 4144 1124 4179; x_wconf 85' lang='lat' dir='ltr'>aree</span> <span class='ocrx_word' id='word_1_265' title='bbox 1141 4141 1183 4178; x_wconf 85' lang='lat' dir='ltr'>ses</span> <span class='ocrx_word' id='word_1_266' title='bbox 1197 4122 1273 4195; x_wconf 87' lang='lat' dir='ltr'>puis-</span> 
     </span>
     <span class='ocr_line' id='line_1_34' title="bbox 206 4209 1274 4289; baseline -0.003 -22"><span class='ocrx_word' id='word_1_267' title='bbox 206 4221 416 4284; x_wconf 67' lang='lat' dir='ltr'>mauranus,</span> <span class='ocrx_word' id='word_1_268' title='bbox 431 4225 520 4271; x_wconf 85' lang='lat' dir='ltr'>est-cc</span> <span class='ocrx_word' id='word_1_269' title='bbox 532 4213 559 4272; x_wconf 91' lang='lat' dir='ltr'>le</span> <span class='ocrx_word' id='word_1_270' title='bbox 571 4217 634 4289; x_wconf 83' lang='lat' dir='ltr'>plus</span> <span class='ocrx_word' id='word_1_271' title='bbox 651 4216 818 4289; x_wconf 84' lang='lat' dir='ltr'>important,</span> <span class='ocrx_word' id='word_1_272' title='bbox 833 4226 862 4271; x_wconf 91' lang='lat' dir='ltr'>et</span> <span class='ocrx_word' id='word_1_273' title='bbox 878 4214 950 4271; x_wconf 86' lang='lat' dir='ltr'>celui</span> <span class='ocrx_word' id='word_1_274' title='bbox 970 4213 1020 4289; x_wconf 89' lang='lat' dir='ltr'>qui</span> <span class='ocrx_word' id='word_1_275' title='bbox 1033 4213 1161 4286; x_wconf 78' lang='lat' dir='ltr'>l’obligea</span> <span class='ocrx_word' id='word_1_276' title='bbox 1179 4209 1274 4265; x_wconf 86' lang='lat' dir='ltr'>d’aller</span> 
     </span>
    </p>
   </div>
   <div class='ocr_carea' id='block_1_4' title="bbox 0 0 1485 4958">
    <p class='ocr_par' dir='ltr' id='par_1_8' title="bbox 0 0 1485 4958">
     <span class='ocr_line' id='line_1_35' title="bbox 0 0 1485 4958; baseline 0 0"><span class='ocrx_word' id='word_1_277' title='bbox 0 0 1485 4958; x_wconf 95' lang='lat' dir='ltr'> </span> 
     </span>
    </p>
   </div>
  </div>
 </body>
</html>
