2916 4958
194 428 253 485 ata
469 423 652 483 HISTORIA
666 421 979 482 ECCLESIASTICA.

192 569 274 614 rum
288 541 534 640 principatum
550 540 683 613 Herodi
695 540 866 640 Agrippae
880 540 1077 614 Aristoboli
1095 543 1173 619 lilio
1191 560 1265 620 tra-

193 659 306 746 didit,
326 656 505 756 simulque
526 656 683 757 Philippi
704 672 741 730 et
756 659 918 756 Lysaniae
942 658 1151 733 tetrarchias
1167 688 1270 737 oon-v·

194 773 302 860 tulit,
320 769 471 845 Herodis
487 797 632 872 quoque
649 771 756 869 paulo
772 789 854 869 post
870 771 1017 846 addidit.
1035 777 1267 873 Ipsum-vero

194 888 393 975 Herodem,
407 889 469 987 qui
479 888 627 961 Joannis
639 888 809 986 Baptistae
821 889 917 962 necis
929 907 1056 963 auctor
1069 893 1264 982 extiterat,-

192 1005 248 1078 vel
267 1006 302 1077 in
323 1003 485 1103 passione
501 1004 648 1076 Domini
666 1003 904 1078 subsannator
921 1005 1154 1099 interfuerat,
1167 1008 1265 1082 mul-

193 1127 239 1196 tis
255 1123 498 1196 excruciatum
515 1120 632 1194 modis
646 1137 784 1194 aeterno
797 1122 834 1195 in
848 1122 1015 1221 Hispania
1032 1124 1143 1198 exilio
1156 1124 1263 1199 dam

193 1243 312 1333 navit,
326 1256 367 1313 ut
376 1237 549 1339 Josephus
559 1237 795 1312 Hebraeorum
807 1240 939 1312 nobilis
952 1239 1268 1341 historiographus

194 1354 353 1453 scribit(
378 1357 405 1452 ).
506 1385 509 1390 ·

243 1474 347 1542 Turre
373 1468 477 1543 Philo
500 1469 644 1543 Judaeus
666 1469 885 1569 scriptorum
903 1471 1190 1571 insignissimus,
1222 1472 1261 1545 in

193 1586 406 1659 Graecorum
427 1583 653 1684 philosophia
672 1585 768 1656 inter
786 1586 922 1683 primos
941 1585 1097 1683 primus,
1121 1585 1268 1684 peritiae

193 1729 266 1775 snae
283 1702 435 1801 posteris
452 1700 544 1773 clara
562 1702 785 1773 monimenta
800 1701 967 1800 reliquit,
992 1716 1028 1775 et
1052 1704 1148 1776 inter
1173 1702 1265 1777 reli-

193 1847 262 1920 qua
278 1845 361 1918 quae
380 1817 540 1915 scripsit,
559 1816 603 1889 de
622 1814 816 1889 acerbitate
831 1817 912 1890 Gaii
933 1833 970 1890 et
989 1819 1124 1891 insania
1138 1819 1265 1893 asserit

192 1936 290 2036 quod
315 1936 352 2008 in
372 1949 512 2006 tantum
530 1932 708 2030 superbiae
727 1932 839 2004 elatus
857 1933 923 2021 sit,
946 1949 988 2005 ut
1010 1934 1118 2008 deum
1135 1962 1172 2009 se
1193 1961 1264 2034 ap·

193 2052 317 2153 pellari
339 2050 512 2135 voluerit,
532 2065 568 2121 et
585 2063 705 2120 sancta
722 2050 932 2124 ludaeorum
954 2049 1033 2123 loca
1052 2051 1158 2126 idolis
1174 2076 1265 2151 pro-

191 2169 379 2241 sanaverit.
398 2164 513 2237 Judoei
530 2167 659 2251 etiam,
680 2190 748 2263 pro
760 2165 909 2263 piaculis
925 2192 1008 2266 quae
1025 2170 1062 2240 in
1076 2166 1265 2243 Christum

194 2287 267 2357 ausi
285 2297 370 2355 sunt
376 2334 387 2369 ,
409 2279 538 2352 nimias
555 2279 669 2352 clades
683 2297 719 2354 et
740 2281 992 2356 tribulationes
1010 2283 1261 2383 pertulerunt,

195 2399 299 2471 sicuti
329 2395 491 2496 proedicti
522 2396 692 2495 sophistae
722 2395 825 2472 Philo
854 2414 890 2471 et
918 2398 1093 2499 Josephus
1121 2401 1194 2473 suis
1224 2402 1264 2474 in

75 2598 78 2604 ,
195 2516 336 2616 scriptis
356 2512 532 2587 referunt.
557 2513 649 2587 Nam
673 2539 716 2588 ex
738 2514 879 2588 admissi
896 2517 1070 2616 sacrilegii
1098 2533 1266 2617 tempore

195 2659 382 2732 nunquam
412 2628 457 2703 ab
485 2631 535 2704 eis
561 2631 780 2705 seditionum
801 2631 926 2721 furor,
954 2659 1141 2735 nunquam
1160 2633 1263 2709 bella

194 2767 399 2849 mortesque
425 2764 625 2835 cessarunt,
659 2774 848 2848 usquequo
877 2748 1049 2822 ultimum
1080 2749 1265 2825 exitiabile

196 2869 329 2940 malum
341 2863 564 2965 temporibus
576 2865 799 2963 Vespasianae
817 2864 1015 2940 obsidionis
1026 2894 1086 2941 eos
1099 2868 1260 2941 inclusit.

196 2986 348 3072 Pilatus,
382 2984 445 3082 qui
476 2994 542 3052 xn⁰
573 2979 709 3056 Tiberii
741 2983 889 3055 Caesaris
918 3008 1015 3056 anno
1044 3000 1264 3083 procurator

193 3101 326 3173 ludaeae
351 3099 465 3170 factus
492 3096 630 3186 fuerat,
655 3114 690 3171 et
716 3100 931 3173 sententiam
957 3099 1199 3175 damnationis
1225 3103 1264 3177 in

196 3213 379 3287 Christum
411 3212 575 3300 dixerat,
620 3215 802 3312 irrogante
837 3214 927 3288 Gaio
962 3229 1080 3289 tantos
1112 3240 1265 3316 angores

157 3549 161 3556 '
230 3548 332 3618 (1)(16
352 3565 386 3599 ou
407 3546 441 3601 ἰδ
461 3565 533 3599 mars
552 3545 637 3620 37·2l
655 3547 761 3617 janvier
782 3549 838 3617 lt.)
857 3547 931 3602 biset
955 3550 1038 3605 Caius
1063 3549 1203 3622 Caligula.
1224 3551 1265 3609 Ge

197 3639 307 3709 priore,
324 3654 377 3708 peu
395 3634 429 3689 de
440 3635 519 3705 jours
531 3636 610 3706 apres
628 3635 688 3689 etro
702 3653 823 3709 parvenn
842 3653 877 3688 au
896 3635 990 3702 trdne,
1011 3635 1105 3692 donna
1122 3638 1265 3695 alletude

198 3728 321 3799 Agrippa
338 3725 363 3778 la
383 3725 532 3779 tetrarchie
550 3724 585 3778 de
601 3724 747 3798 Philippo,
764 3743 813 3780 son
830 3724 925 3793 oncle,
941 3736 969 3781 et
987 3726 1054 3781 celle
1068 3727 1103 3781 de
1117 3729 1264 3800 Lysaniae,

197 3816 297 3872 asecle
311 3817 376 3871 titre
390 3814 426 3868 de
443 3815 493 3869 roi.
507 3815 546 3870 Ce
559 3815 654 3888 prince
669 3835 703 3870 ne
721 3818 805 3889 partit
818 3834 889 3890 pour
906 3817 931 3871 la
944 3816 1081 3872 Palestine
1096 3819 1180 3892 qu‘au
1194 3821 1266 3876 mois

195 3909 228 3962 de
242 3904 336 3978 juillet
348 3901 390 3959 38.
406 3901 517 3958 naon
535 3905 652 3976 Antipas
665 3906 742 3959 etant
761 3923 831 3959 vena
848 3907 865 3958 h
881 3904 969 3960 Rome
983 3923 1018 3960 en
1037 3903 1072 3979 39
1089 3905 1265 3963 sollicitet-le

197 3998 284 4052 rneme
298 3997 377 4061 titre,
398 3993 443 4047 lut
455 4011 490 4046 au
503 3994 640 4048 contraire
654 3994 793 4066 depouille
807 3995 842 4049 de
858 4014 886 4048 sa
904 3996 1054 4051 tetrarchie
1066 3998 1076 4066 l
1084 3998 1182 4052 reunia
1194 3996 1264 4053 l’an·

198 4092 248 4142 aree
261 4087 383 4141 salvante
395 4099 449 4137 aux
466 4086 534 4136 etats
546 4082 580 4137 de
599 4101 648 4137 son
663 4084 846 4155 bean-frere),
862 4096 890 4140 et
907 4086 1019 4159 relegas
1036 4106 1099 4143 avec
1116 4106 1145 4142 sa
1162 4087 1266 4144 lemme

199 4173 356 4232 lldrodiade
370 4176 384 4226 a
398 4172 490 4244 Lyon,
506 4173 568 4244 puis
580 4174 715 4229 transfere
727 4173 762 4230 de
777 4174 801 4229 lt
814 4193 849 4230 en
864 4176 998 4250 Eapagne.
