2894 4958
529 428 649 497 usus
667 428 881 492 SECUNDUS.
1186 429 1248 492 Ἀθ

171 549 462 658 praecedentibus
485 549 680 642 annotavi,
703 573 863 650 quorum
882 545 1038 623 hicnon
1057 569 1118 621 me
1139 545 1249 622 taedet

173 669 372 753 iterumad
388 668 530 744 laudem
548 667 729 743 creatoris
745 665 943 743 reminisci.

222 789 371 884 Saulus,
395 787 459 890 qui
485 801 522 863 et
541 784 671 860 Paulus
678 836 690 874 ,
708 783 850 884 Spiritu
872 783 1007 858 Sancto
1031 783 1250 859 admonente

173 925 398 1012 segregatus,
416 902 529 1006 Paphi
542 901 772 1005 praedicavit,
791 901 959 1003 Idymum
969 926 1117 1004 megum
1128 901 1250 977 verbis

175 1027 260 1105 fidei
276 1027 505 1105 resistentem
515 1025 618 1122 jussu
639 1020 805 1110 coecavit,
824 1033 862 1094 et
876 1020 1136 1120 proconsulem
1157 1022 1252 1094 Pau-

174 1144 256 1227 lttm
270 1141 316 1218 ad
331 1141 441 1224 fidem
452 1138 647 1217 convertit.
663 1133 873 1214 Antiochino
885 1163 1104 1240 synagogam
1118 1139 1252 1239 ingres·

177 1272 259 1351 tlt,
274 1282 388 1332 manu
405 1255 592 1333 silentium
610 1252 744 1327 indixit
750 1280 761 1342 ς
786 1250 910 1355 ibique
930 1254 1088 1354 qualiter
1112 1253 1252 1327 israeli-

179 1378 249 1453 tin
271 1373 375 1476 plebe
395 1373 441 1449 de
463 1364 626 1475 AEg'ypto
649 1397 715 1472 per
730 1397 830 1444 mare
846 1370 959 1462 exiit,
979 1386 1017 1446 et
1038 1369 1083 1446 de
1104 1371 1253 1447 diversis

179 1486 430 1580 amabilibus,
454 1510 539 1590 quse
564 1488 604 1565 in
619 1485 763 1563 deserto
781 1487 876 1564 facta
897 1503 1004 1578 sunt,
1030 1487 1254 1564 locutionem

177 1608 280 1687 tecit.
294 1607 381 1685 Alio
394 1632 543 1709 quoque
556 1604 708 1682 sabbato
723 1605 925 1708 passionem
940 1603 1074 1681 Christi
1086 1622 1124 1684 et
1135 1633 1255 1683 resur-

176 1729 383 1807 rechonem
405 1725 727 1815 commemoravit,
749 1723 973 1825 propheticis
998 1724 1254 1801 assationibus

173 1843 359 1948 allegavit,
374 1860 412 1923 et
422 1841 589 1944 plurimis
600 1841 831 1917 credentibus
839 1840 1009 1917 &dois
1019 1867 1164 1944 gregem
1174 1869 1257 1945 nug-
1366 1869 1373 1879 ·

172 1960 369 2041 vesuvit.
388 1958 528 2061 hystris
539 1958 707 2033 claudum
717 1983 762 2033 ex
774 1972 881 2033 utem
896 1956 1045 2050 matris,
1058 1958 1257 2034 intenden-

169 2091 256 2159 tem
271 2077 334 2179 (r)
351 2075 472 2153 verbis
488 2077 573 2166 Dei,
588 2075 726 2149 curavit
737 2128 748 2164 ‚
761 2090 800 2150 et
811 2101 857 2150 ex
869 2076 982 2150 veteri
1000 2077 1257 2178 superstitione

166 2192 387 2299 [forculus
405 2190 479 2267 sibi
491 2191 691 2270 sacrificare
709 2191 893 2283 volentes,
910 2193 1025 2267 scissis
1044 2192 1204 2269 vestibus
1219 2211 1259 2270 et

166 2309 338 2389 ficmda
362 2310 506 2386 ratione
528 2309 688 2411 prolata,
709 2309 944 2410 compescuit.
970 2310 1057 2385 Post
1078 2310 1192 2386 multa
1219 2312 1258 2386 in
1282 2294 1287 2311 ’

166 2427 443 2535 praedicatione
456 2427 672 2516 certamina,
689 2427 931 2527 quaestionem
949 2454 969 2500 a
984 2425 1118 2502 Judeis
1135 2426 1259 2530 bapti-

166 2548 271 2631 ntis
288 2545 467 2647 perulis,
486 2571 534 2621 ne
549 2544 734 2620 eredentes
749 2544 975 2646 exgentibus
990 2544 1260 2648 baptizarentur
1301 2551 1307 2564 '

166 2667 397 2769 priusquam
413 2661 773 2739 circumciderentur.
792 2664 922 2738 Paulus
936 2690 1024 2767 ergo
1043 2664 1261 2768 legstionem

166 2783 351 2867 fidelium
364 2782 560 2857 Jerusalem
572 2780 724 2873 detulit,
738 2788 885 2858 Petrum
897 2797 935 2859 et
944 2782 1140 2873 Jscobum,
1156 2784 1261 2859 alios-

166 2925 259 3005 que
285 2899 445 2973 seniores
473 2896 657 2975 consuluit
664 2926 677 2986 ς
705 2924 905 3000 eorumque
923 2896 1179 2974 diffinitionem
1195 2925 1262 3001 per

167 3014 379 3120 epistolam
391 3015 537 3105 retulit,
551 3029 593 3091 ut
604 3014 827 3090 abstinerent
838 3041 875 3090 sc
886 3014 933 3088 sb
946 3015 1142 3090 immolatis
1154 3016 1263 3089 simu-

172 3135 373 3213 lacrorum
386 3149 424 3208 et
441 3133 615 3234 sanguine
631 3148 669 3211 et
686 3131 861 3207 suffocato
878 3149 914 3208 et
929 3132 1187 3208 fornicatione.

233 3246 567 3348 Philippisapuella
577 3246 1025 3349 phytonism(2)spiritum
1035 3246 1263 3322 immundum

179 3365 352 3468 expulit,
371 3382 409 3440 et
425 3369 538 3466 ejecto
558 3365 743 3455 demone,
766 3366 829 3467 qui
853 3392 1022 3468 responsa
1047 3367 1266 3468 inquirenti-

180 3483 261 3561 bus
281 3480 409 3572 dabat,
427 3483 549 3559 avidos
565 3498 763 3584 questores
786 3484 906 3584 pretio
929 3482 1162 3559 divinationis
1184 3485 1266 3584 pri·

186 3603 305 3676 vavit.
324 3599 431 3676 Unde
447 3599 492 3673 ab
509 3600 640 3675 eisdem
655 3616 857 3692 accusatus,
877 3617 912 3676 et
926 3617 1111 3702 praecepto
1125 3602 1265 3703 primo·

191 3745 281 3792 rum
303 3701 404 3792 urbis
426 3718 665 3793 in-carccrem
685 3718 833 3808 missus,
862 3735 974 3793 noctu
1000 3717 1044 3790 ad
1066 3718 1265 3794 Dominum

229 4038 271 4109 (r)
289 4035 448 4093 Intendere
464 4047 508 4092 est
524 4037 584 4111 pris
596 4038 632 4093 ici
644 4037 713 4094 dans
730 4038 756 4093 le
768 4056 831 4094 sens
845 4037 1000 4094 d’nudiens.
1014 4040 1089 4097 C'est
1099 4040 1136 4096 de
1148 4060 1179 4096 oe
1192 4052 1266 4105 mot,

201 4125 257 4198 pris
267 4124 339 4181 drus
349 4135 423 4180 cette
435 4127 593 4199 acceptior,
607 4128 695 4200 qu’est
707 4145 780 4184 veno
794 4127 820 4183 le
828 4127 910 4185 verbe
919 4128 1036 4202 lmuqsis
1047 4128 1190 4186 entendre.

236 4216 276 4287 (s)
294 4216 372 4272 lzhea
383 4239 391 4270 :
404 4216 584 4290 pythonissa.
1151 4227 1158 4241 '
