2894 4958
541 417 658 481 ttttlt
679 418 890 482 SECUNDUS.
1191 424 1252 485 tta

185 558 283 627 turm
309 539 421 612 redde
443 539 548 613 nobis
570 539 750 612 hominem
772 556 964 628 sanctum
989 564 1035 613 ne
1056 542 1251 644 interficias

184 656 362 728 honunem
377 656 459 729 Deo
478 681 617 728 carum.
637 656 722 728 Haec
740 672 778 729 et
794 654 907 728 multa
931 655 997 728 alia
1019 655 1161 731 dicente
1180 685 1252 758 po-

183 773 297 873 pulo,
321 776 431 874 Egens
459 775 623 873 expavit,
654 788 754 846 etse
784 798 867 846 eum
893 771 1072 873 deponere
1094 776 1252 874 promit-

184 909 285 980 tens,
300 891 408 965 simul
426 893 478 965 ire
494 892 619 991 eoepit.
637 891 755 984 Quem
770 890 894 964 videns
910 906 1052 964 sanctus
1068 891 1250 984 Andreas,

185 1007 351 1082 hortatus
369 1023 422 1083 est
443 1023 487 1080 nt
511 1007 656 1082 Christo
681 1004 862 1096 crederet,
887 1023 998 1108 atque
1022 1006 1110 1081 dum
1129 1006 1252 1085 ,adhuc

183 1138 305 1224 posset
323 1123 366 1197 ad
384 1122 491 1197 fidem
509 1150 578 1223 pro
597 1123 709 1196 salute
732 1149 793 1195 sua
811 1139 987 1197 curreret.
1010 1125 1089 1223 lpse
1103 1148 1191 1197 vero
1214 1125 1252 1222 in

185 1264 293 1313 cruce
305 1238 465 1339 pendens
477 1265 622 1313 securus
634 1236 835 1327 exultabat,
851 1252 889 1311 et
902 1236 946 1311 do
958 1238 1095 1313 visione
1106 1237 1253 1327 Christi,

184 1380 296 1458 quem
313 1371 388 1431 tota
404 1371 527 1431 mente
543 1355 733 1444 dilexerat,
749 1354 883 1457 diuque
895 1354 1173 1444 desideraverat,
1193 1355 1254 1429 ad·

184 1473 336 1548 modum
350 1474 453 1547 laetus
467 1472 608 1548 dicebat
627 1502 635 1543 :
652 1475 738 1547 Jam
754 1499 874 1573 regem
891 1499 1010 1546 meum
1024 1473 1158 1562 cidem
1169 1476 1255 1576 jam

185 1617 270 1665 eum
297 1591 414 1667 adoro
423 1626 439 1679 ‚·
458 1594 545 1694 jem
571 1595 609 1665 in
628 1606 824 1692 conspectu
848 1594 928 1694 ejus
954 1595 1100 1667 assisto.
1130 1593 1256 1666 Carni-

185 1706 272 1783 fices
287 1724 427 1799 autem,
447 1709 561 1783 missis
576 1709 620 1782 ad
641 1734 787 1781 crucem
802 1705 989 1795 manibus,
1007 1736 1090 1783 eum
1108 1710 1255 1783 contin·

185 1852 271 1928 gere
288 1852 364 1900 non
379 1843 571 1927 poterant,
591 1843 628 1902 et
644 1824 795 1900 subinde
812 1825 872 1898 alii
889 1842 926 1900 et
941 1826 1001 1898 alii
1017 1843 1060 1899 ut
1075 1827 1256 1901 solverent

186 1968 273 2018 eum
288 1970 362 2018 sese
381 1944 614 2044 ingerebant3
634 1944 694 2018 sed
710 1940 855 2016 brachia
874 1968 1002 2017 eorum
1019 1944 1179 2044 quicum
1195 1944 1255 2017 de·

185 2085 325 2161 ponem
340 2061 553 2136 nitebantur
575 2059 778 2162 stupebant.
803 2061 909 2133 Tunc
930 2076 1073 2133 sanctus
1096 2060 1254 2134 Andreas

186 2201 277 2250 voce
299 2202 426 2279 magna
448 2178 677 2273 exclamavit,
702 2193 739 2252 et
760 2177 1026 2251 devotissimam
1051 2178 1255 2253 orationem

188 2318 312 2368 coram
328 2297 408 2369 Deo
423 2295 601 2396 profudit.
621 2297 759 2395 Quem,
779 2309 969 2394 postquam
986 2295 1122 2367 diutius
1133 2295 1257 2368 Jesum

186 2407 331 2485 boum
351 2414 562 2513 magistrum
584 2437 688 2484 suum
711 2413 847 2499 oravit,
869 2408 1071 2485 videntibus
1096 2411 1252 2498 cunctis,

187 2525 362 2627 splendor
382 2528 516 2600 nimius
538 2527 632 2600 sicut
647 2525 769 2626 fulgur
786 2526 831 2599 de
847 2526 943 2600 coelo
954 2526 1102 2600 veniens
1119 2527 1166 2599 ita
1184 2527 1256 2599 cir-

188 2642 390 2734 cumdedit,
408 2661 451 2718 nt
467 2673 543 2746 pree
561 2646 639 2746 ipso
651 2643 842 2745 splendore
858 2643 1005 2718 humani
1018 2645 1162 2744 penitus
1175 2672 1258 2718 cum

188 2785 266 2834 non
281 2777 427 2860 possent
439 2762 536 2835 oculi
549 2763 718 2862 aspicere.
734 2762 898 2863 Cumque
908 2760 1080 2861 splendor
1093 2789 1258 2862 perman·

189 2877 292 2951 sisset
301 2877 451 2977 fereper
460 2876 728 2952 dimidiaehorae
738 2877 907 2976 spatium,
922 2875 1096 2966 Andreas,
1108 2878 1257 2978 insignis

188 2991 292 3094 pugil
303 2991 435 3066 Christi
443 3046 454 3082 ‚
465 2992 676 3067 abscedente
684 2991 822 3066 lumine
830 2992 1138 3092 emisitspiritum,
1152 2991 1259 3067 simul

190 3135 277 3183 cum
305 3110 383 3209 ipso
412 3110 549 3184 lumine
577 3135 728 3209 pergens
756 3107 801 3181 ad
827 3108 1036 3182 Dominum.
1065 3108 1259 3181 Maximilla

189 3253 281 3303 vero
298 3229 454 3302 senatrix
472 3255 555 3302 cum
575 3227 775 3302 reverentia
792 3226 1047 3327 corpusculum
1064 3229 1138 3326 ejus
1156 3226 1258 3314 tulit,

191 3360 232 3420 et
246 3344 437 3420 conditum
454 3343 675 3420 aromatibus
693 3343 834 3444 optimo
851 3343 934 3418 loco
950 3344 1125 3444 sepelivit.

242 3462 360 3536 Porro
376 3462 485 3565 Egeas
492 3516 504 3552 ,
518 3477 711 3564 antequam
726 3461 770 3537 ad
783 3463 933 3535 domum
947 3487 1048 3534 snam
1061 3463 1221 3550 veniret,
1241 3488 1260 3533 a

192 3575 379 3653 daemouio
400 3596 563 3683 arreptus
584 3595 654 3670 est,
674 3580 766 3654 etin
787 3593 982 3680 conspectu
998 3579 1164 3656 omnium
1181 3579 1261 3653 dae-

194 3695 339 3768 monica
351 3697 541 3772 vexatione
553 3698 591 3769 in
604 3695 660 3769 uia
675 3712 843 3772 mortuns
855 3713 921 3769 est.
936 3694 1129 3771 Stratocles
1142 3713 1262 3771 autem

194 3808 311 3885 frater
325 3812 433 3913 Egere
445 3812 490 3887 de
505 3812 702 3886 substantia
714 3816 788 3914 ejus
804 3810 898 3885 nihil
915 3814 1087 3915 contigit,
1106 3812 1167 3888 sed
1180 3840 1264 3888 cor-

197 3952 266 4025 pus
279 3929 391 4001 sancti
406 3927 560 4004 Andreae
572 3928 725 4030 apostoli
738 3947 863 4003 tenens
877 3931 998 4004 evasit.
1008 3932 1146 4005 Tantus
1156 3933 1264 4006 etiam

201 4041 313 4115 timor
326 4044 511 4120 universos
526 4045 563 4118 in
581 4045 640 4119 illa
657 4046 841 4146 provincia
855 4044 1006 4136 invasit,
1024 4062 1067 4121 nt
1078 4047 1198 4121 nullus
1211 4074 1265 4120 rc-

202 4175 364 4234 maneret
381 4163 442 4262 qui
461 4163 633 4237 Salvatori
653 4179 779 4238 nostro
795 4164 871 4238 Deo
892 4190 969 4240 uon
992 4165 1166 4240 creduut.
1187 4164 1269 4236 Fer-
