2894 4958
184 426 264 518 aas,
460 422 644 486 numni
664 422 971 487 uccursnsncs.

186 542 367 644 praedixit.
381 544 532 618 Sanctus
545 571 631 645 ergo
644 545 700 616 vir
711 544 841 649 gaudio
856 572 987 648 magno
1006 546 1165 647 repletus
1176 546 1239 624 Dea

186 661 316 758 gratias
336 660 427 761 egit,
453 675 489 735 et
514 660 650 735 exitum
672 686 778 733 suum
799 687 867 760 per
887 661 991 736 binas
1016 661 1243 737 hebdomadas

185 775 332 863 assiduis
345 778 491 877 jejuniis
511 793 547 852 et
568 777 697 879 vigiliis
712 787 759 850 'ac
776 776 1001 853 orationibus
1023 779 1243 881 praeparavit.

187 897 331 970 Statuto
343 897 440 970 enim
458 910 620 996 tempore
634 895 771 985 noctis,
783 910 866 995 post
880 896 1062 972 modicam
1075 896 1246 997 pausatio·

187 1038 294 1101 nem,
313 1039 396 1114 quae
419 1012 530 1089 fessos
545 1030 643 1086 artus
659 1011 860 1102 recreabat,
887 1012 931 1087 ad
950 1015 1158 1091 orationem
1174 1040 1247 1087 sur-

186 1127 313 1232 gebat,
339 1146 376 1205 et
392 1157 504 1232 usque
521 1132 559 1205 in
577 1131 701 1206 horam
725 1131 915 1206 secundam
942 1131 1013 1207 diei
1035 1129 1248 1233 precibuset

189 1246 319 1320 divinis
330 1246 493 1322 laudibus
508 1248 704 1323 insistebat.
719 1248 855 1324 Deinde
871 1249 1089 1324 sacrificium
1100 1249 1248 1324 Domino

191 1362 228 1434 in
249 1361 335 1437 hora
354 1364 505 1438 secunda
521 1390 591 1464 pro
610 1391 647 1440 se
662 1380 699 1439 et
715 1365 815 1438 omni
833 1365 990 1439 Ecclesia
1006 1364 1202 1451 offerebat,
1218 1377 1249 1438 et

188 1495 311 1576 postea
335 1505 448 1581 usque
466 1481 504 1554 in
523 1507 711 1581 vesperum
728 1479 863 1555 assidue
883 1478 1118 1581 predicabat.
1144 1479 1249 1553 Nocte

189 1621 277 1670 vero
295 1599 371 1696 jam
395 1596 627 1672 incumbente
649 1595 797 1671 arduam
818 1596 885 1670 sibi
912 1597 1122 1696 impositam
1145 1597 1249 1670 vicus

190 1711 415 1808 alimoniam,
435 1740 566 1813 panem
580 1713 713 1787 scilicet
731 1728 768 1787 et
782 1739 930 1814 aquam,
947 1711 1186 1814 percipiebat.

238 1829 563 1931 Appropinquante
578 1829 774 1905 vocationis
789 1829 946 1903 termino
954 1882 966 1919 ,
982 1831 1041 1901 vir
1052 1828 1121 1902 Dei
1133 1827 1249 1901 fratres

192 1948 403 2021 convocavit
430 1965 466 2021 et
494 1947 615 2022 obitus
644 1946 698 2018 sui
725 1944 821 2030 diem
850 1945 1040 2018 imminere
1067 1941 1248 2034 indicavit,

193 2064 412 2164 nuntiosque
427 2090 494 2163 per
506 2064 688 2139 universas
703 2063 867 2163 regiones
880 2077 917 2137 et
934 2061 1159 2163 provincias,
1176 2084 1249 2162 qun

192 2180 266 2280 ipse
283 2181 440 2263 Domino
453 2181 684 2283 acquisierat,
699 2178 902 2254 destinavit.
917 2178 1029 2253 Multi
1042 2195 1168 2252 autem
1180 2200 1250 2251 mn

191 2324 322 2398 magno
345 2300 479 2400 ejulatu
505 2314 776 2393 convenerunt,
803 2296 959 2398 populus
982 2295 1124 2370 scilicet
1148 2295 1251 2368 Pieta-

192 2416 378 2504 vensium,
404 2416 706 2517 Biturigensium,
725 2414 996 2502 Arvernorum,
1012 2413 1249 2499 wasconum,

192 2531 249 2605 vel
267 2529 486 2608 Gothorum.
505 2534 831 2637 Appropinquante
844 2547 961 2605 autem
976 2529 1103 2610 obitus
1115 2529 1172 2604 sui
1184 2527 1250 2614 die,

193 2649 403 2752 rogantibus
420 2653 578 2741 cunctis,
604 2666 704 2725 extra
728 2651 882 2724 civitatis
898 2665 1066 2750 portam,
1085 2673 1171 2749 quae
1186 2643 1252 2720 cat·

193 2770 292 2842 cinea
309 2770 364 2868 (ι)
384 2769 532 2862 dicitur,
555 2771 730 2871 perrexit3
750 2769 873 2872 ibique
889 2793 1097 2843 sermonem
1117 2765 1165 2840 de
1185 2788 1252 2839 ren

194 2885 263 2960 fide
280 2902 316 2960 et
332 2885 463 2960 divinis
486 2886 655 2988 operibus
679 2886 810 2975 edidit,
829 2900 935 2987 atque
951 2884 1074 2957 beatas
1091 2883 1252 2970 virtute,

193 3003 324 3104 quibus
340 3002 513 3079 salutiferi
530 3031 648 3080 mores
663 3003 894 3091 decorantur,
909 3001 1050 3074 utiliter
1067 2997 1252 3073 recensuit

193 3124 388 3222 Postquam
402 3119 651 3196 exhortatione
665 3120 766 3194 finita
783 3117 959 3219 populum
970 3114 1183 3205 benedixit,
1196 3112 1255 3185 lte

195 3239 369 3340 minoque
394 3240 469 3314 Deo
491 3240 560 3339 piis
581 3235 746 3339 precibus
768 3232 1052 3320 commendavit,
1072 3230 1213 3330 portari
1229 3251 1257 3300 se

196 3356 233 3427 in
252 3357 453 3430 oratorium
469 3354 562 3430 beati
581 3351 751 3455 Stephani
770 3351 873 3441 fecit3
896 3348 1019 3450 ibique
1036 3349 1076 3421 in
1094 3348 1257 3422 cinereet

198 3456 317 3547 cilicio
340 3469 516 3546 recubans
539 3471 650 3544 finem
675 3495 779 3542 suum
804 3470 1023 3569 expectavit,
1045 3460 1258 3565 genibusque

230 3756 268 3825 (1)
286 3756 326 3810 M.
341 3755 463 3810 Maurice
475 3752 584 3811 Ardent
595 3769 692 3828 pense,
707 3750 814 3824 d'apres
825 3767 881 3804 une
892 3745 1028 3803 tradition
1041 3744 1195 3816 consigne'e
1202 3740 1258 3796 daut

196 3842 245 3897 des
258 3845 422 3900 manuscrits
434 3845 473 3899 du
490 3844 635 3899 seminaire
647 3841 682 3897 de
700 3841 841 3914 Limoges,
859 3837 929 3913 qn’il
946 3835 1028 3909 a‘agit
1046 3834 1084 3888 ici
1104 3832 1141 3887 de
1154 3831 1182 3886 la
1193 3837 1259 3904 pom

197 3930 384 4005 Saint-Esprit
401 3931 567 3987 conduisant
583 3935 599 3986 'a
617 3931 644 3984 la
663 3938 743 3985 route
759 3927 800 3982 du
818 3923 965 4000 Perigord.
985 3924 1023 3977 Le
1040 3939 1110 3976 nom
1127 3918 1213 3994 qu’on
1227 3914 1259 3969 1⁸¹

197 4020 290 4074 donne
303 4022 339 4075 ici
351 4041 366 4075 a
379 4033 447 4077 tenu
458 4022 669 4097 probablement
682 4023 697 4075 a
710 4038 741 4076 ce
757 4037 812 4095 que
829 4017 921 4073 c’etait
937 4033 988 4088 par
999 4023 1073 4068 cette
1086 4020 1170 4085 ΡΜ
1182 4001 1261 4082 t¹¹²¹¹

198 4109 261 4165 ville
275 4113 394 4168 recevait
410 4112 449 4167 du
463 4113 599 4186 Pe'rigcrd
611 4111 687 4169 etde
699 4107 906 4184 lungoumois,
921 4121 988 4181 ptyt
998 4101 1148 4171 c¹l⁰²i¹²⁸s
1165 4110 1262 4168 ⁸⁰⁰²P‘

197 4203 453 4274 provisionnement
465 4204 500 4260 de
515 4205 613 4262 chaus.
