2894 4958
212 393 216 401 Ι
266 447 307 506 20
539 441 720 503 HISTORIA
742 441 1044 504 Etcttstlstlcl.

267 565 386 639 travit.
419 561 574 661 Vespere
597 575 717 633 autem
744 560 863 650 facto,
894 586 976 633 cum
1000 562 1056 635 sol
1079 563 1323 656 occubuisset,

266 679 400 753 multos
425 677 457 751 ei
480 674 694 753 obtuleruut
718 675 957 751 daemoniacos
978 692 1016 748 et
1045 679 1148 751 variis
1171 679 1326 781 languo-

262 794 363 868 ribus
379 808 535 869 vexatos.
560 791 674 868 Verus
696 792 874 866 archiater
897 793 1045 894 singulis
1061 821 1187 886 mantas
1205 798 1325 898 impo-

262 912 352 1000 suit,
379 907 492 984 verbo
515 908 661 1008 spiritus
686 908 815 1007 ejecit,
837 923 875 982 et
891 933 1017 983 omnes
1038 911 1132 985 male
1154 911 1324 988 habentes

261 1027 412 1100 curavit.
427 1022 606 1098 Occubitu
622 1023 705 1097 solis
718 1048 816 1096 mors
829 1023 975 1097 Domini
989 1025 1210 1126 designatum
1229 1044 1325 1127 post-

261 1170 370 1244 quam
393 1141 562 1243 gentiles,
590 1165 681 1240 quos
706 1138 850 1214 daemon
877 1140 1101 1240 possidebat,
1127 1143 1325 1244 perfidem

259 1258 481 1348 liberantur,
501 1274 538 1331 et
553 1257 678 1354 aegroti
696 1282 714 1328 a
733 1255 871 1331 morbis
888 1274 1139 1358 peccatorum,
1158 1262 1323 1336 emenda.

260 1378 364 1453 tioris
380 1377 466 1448 vitae
479 1372 638 1449 remedio
655 1375 858 1474 sanantur(
883 1375 913 1473 ).

307 1496 387 1573 Vll.
415 1492 546 1566 Multas
576 1488 699 1564 turbas
725 1489 848 1565 videns
874 1493 1011 1566 circum
1038 1521 1094 1583 sc,
1122 1522 1202 1571 sero
1218 1499 1324 1596 jussit

259 1603 451 1705 discipulos
467 1629 549 1677 suos
565 1604 618 1676 ire
635 1618 734 1674 trans
751 1601 885 1676 fretum
894 1631 905 1692 3
924 1631 1038 1705 eoque
1053 1607 1263 1681 ascendente
1283 1610 1322 1680 in

259 1722 459 1796 naviculam
470 1775 482 1812 ,
508 1719 674 1820 discipuli
699 1722 774 1818 ejus
801 1722 912 1794 secuti
935 1737 1021 1796 sunt
1042 1749 1137 1797 eum.
1164 1727 1323 1826 Dignum

257 1858 334 1914 erat
349 1856 412 1926 ut,
431 1840 525 1912 sicut
548 1839 588 1911 in
604 1851 700 1911 terra
716 1836 850 1912 fecerat
865 1839 1059 1930 miracula,
1079 1842 1129 1914 sic
1151 1843 1259 1916 etiam
1284 1845 1322 1917 in

257 1957 347 2032 mari
371 1955 525 2045 faceret3
554 1969 596 2026 ut
622 1981 658 2028 se
685 1969 792 2028 terrae
822 1957 1001 2058 marisque
1030 1957 1219 2032 dominum
1250 1986 1323 2035 esse

198 2128 205 2140 ·
257 2073 522 2176 comprobaret.
544 2075 724 2173 Ingressus
740 2099 826 2173 ergo
840 2075 879 2146 in
892 2076 1115 2169 naviculam,
1129 2102 1228 2150 mare
1240 2092 1324 2150 tur·
1383 2114 1387 2121 -

255 2193 335 2268 bari
359 2192 464 2279 fecit,
490 2204 618 2263 ventos
641 2191 858 2281 commovit,
884 2191 1084 2294 fluctusque
1111 2197 1320 2269 concitavit.

257 2310 335 2409 lpse
362 2334 448 2383 vero
474 2303 676 2379 dormiebat
699 2330 873 2405 corpore,
897 2306 959 2381 sed
985 2308 1155 2409 vigilabat
1180 2325 1302 2384 mente
1308 2340 1320 2400 ;

256 2450 365 2524 quem
376 2437 456 2495 orta
468 2419 849 2521 tempestatediscipuli
859 2424 1133 2514 suscitaverunt,
1142 2423 1319 2499 dicentes:

256 2541 432 2629 Domine,
450 2538 555 2611 salva
566 2564 632 2610 nos
639 2571 657 2625 ,·
669 2539 848 2639 perimus.
865 2541 969 2613 Tunc
980 2568 1147 2642 surgens,
1164 2544 1323 2643 impera-

256 2658 310 2731 vit
324 2656 442 2729 ventis
458 2669 495 2727 et
511 2655 623 2744 mari,
643 2670 680 2727 et
692 2653 785 2727 facta
796 2671 850 2729 est
862 2657 1102 2757 tranquillitas
1116 2665 1268 2761 magna(
1293 2665 1319 2760 )

258 2774 317 2847 Sic
336 2771 430 2845 idem
444 2771 483 2844 in
496 2770 571 2844 salo
584 2770 688 2870 hujus
703 2773 813 2845 seculi
829 2774 1043 2861 Emmanuel
1060 2776 1222 2877 quotidie
1235 2803 1323 2877 ope-

258 2907 377 2980 ratur,
401 2889 489 2963 dum
512 2889 610 2961 naris
632 2888 788 2963 ecclesiae
813 2918 887 2965 suae
910 2892 1129 2967 diversarum
1156 2894 1322 2995 procellis

259 3006 537 3081 tribulationum
549 3007 727 3103 jactatur,
747 3022 784 3080 et
796 3033 888 3108 pene
905 3007 1153 3082 discriminum
1167 3013 1323 3084 enormi-

259 3142 332 3201 tate
354 3124 589 3225 periclitatur.
618 3121 687 3196 Sed
711 3124 795 3224 quia
819 3151 902 3199 cum
926 3124 995 3200 fide
1016 3124 1185 3201 flebiliter
1205 3154 1225 3199 a
1249 3130 1322 3201 suis

259 3245 469 3328 invocatur,
488 3251 621 3338 praesto
637 3236 757 3330 adest,
776 3257 813 3314 et
825 3243 960 3316 virtute
971 3240 1112 3315 deitatis
1127 3269 1200 3316 suae
1212 3243 1323 3317 mira·

258 3357 381 3432 biliter
398 3357 447 3430 eis
463 3353 697 3453 suffragatur,
715 3371 753 3429 et
768 3357 945 3431 continuo
961 3355 1088 3431 sedatis
1106 3340 1320 3434 tentationi-

261 3474 329 3548 bus
346 3474 490 3548 fortiter
507 3470 717 3569 opitulatur.

310 3592 424 3663 Trans
453 3588 587 3663 fretum
618 3610 700 3659 cum
727 3591 880 3664 venisset
896 3591 933 3663 in
965 3592 1149 3693 regionem
1177 3592 1322 3668 Gerase-

261 3735 415 3800 norum,
432 3707 505 3784 duo
523 3707 607 3781 saevi
631 3706 738 3778 nimis
762 3708 843 3805 (ὅ),
864 3707 1034 3783 habentes
1052 3709 1248 3800 daemonia,
1275 3709 1321 3784 de

296 4046 444 4118 (illlatth.
458 4062 523 4114 vm,
539 4049 636 4120 ¹l·¹7;
649 4044 735 4100 Marc.
746 4041 876 4117 r,a9-3⁴;
890 4044 955 4098 Luc.
969 4061 1005 4113 ιν,
1019 4043 1206 4116 wir-(a)
1218 4045 1318 4100 Matth.

261 4153 331 4203 vni,
350 4134 444 4210 ill-273
458 4134 543 4189 Marc.
557 4151 598 4202 tv,
612 4131 710 4207 35-693
724 4133 790 4189 Luc.
805 4150 873 4200 vm,
889 4130 982 4188 aa-a5.

294 4221 333 4294 (3)
348 4225 384 4280 Le
402 4233 475 4280 texte
491 4223 526 4280 de
543 4225 614 4281 saint
630 4223 753 4280 Mathieu
768 4233 810 4280 est
825 4222 887 4297 plus
905 4223 972 4281 clair
992 4247 997 4277 :
1019 4222 1205 4281 Occurremnt
1218 4227 1245 4279 ei
1262 4223 1318 4278 duo
