2894 4958
452 437 571 501 trouu
590 437 801 501 SECUNDUS.
1101 442 1161 506 ³17

102 555 174 630 ati.
200 555 332 629 Statim
351 555 457 656 jussit
477 558 524 631 ed
548 557 726 632 'rhomum
747 557 868 647 mitti,
892 573 930 632 et
951 555 1118 635 menibus
1142 588 1162 635 a

102 690 198 774 tergo
211 674 329 775 ligatis
344 689 428 749 ante
444 700 482 749 se
498 672 638 749 adduci.
662 675 829 751 Adducto
849 690 970 751 nutem
988 679 1163 781 prueoepit

102 806 137 865 at
149 792 380 893 persuasione
400 820 462 866 sua
478 792 640 894 deceptas
661 794 830 870 mulieres
850 794 1057 870 restitueret
1076 794 1163 869 the-

102 912 190 983 'umo
217 909 410 1011 conjugali.
439 910 548 1009 Quod
571 936 655 985 cum
682 909 743 986 ille
769 910 887 986 fucere
911 909 1159 1003 detrectasset,

102 1050 259 1129 ptusque
271 1044 517 1128 persecutores
528 1029 662 1104 salvare
672 1055 739 1129 per
754 1028 863 1104 fidem
876 1028 1076 1120 maluisset,
1091 1031 1163 1104 ira·

102 1168 151 1219 us
172 1170 239 1220 rex
258 1147 364 1245 jussit
386 1146 506 1221 lances
527 1147 662 1221 ferreus
678 1147 786 1249 igniri
808 1162 846 1220 et
867 1147 1071 1248 apostolum
1091 1173 1160 1220 ex·

102 1262 254 1351 ululari,
277 1278 321 1336 ut
342 1262 449 1336 nudis
468 1260 619 1362 pedibus
643 1288 751 1363 super
775 1278 872 1336 stans
899 1261 969 1337 boe
992 1262 1162 1337 deficeret

102 1381 231 1458 lolose.
265 1382 437 1459 Protinus
467 1381 640 1482 prorupit
675 1407 764 1482 aqua
802 1394 840 1455 et
872 1381 1042 1456 extinetae
1074 1394 1161 1454 sunt

102 1524 223 1574 moes.
240 1498 376 1573 Deinde
392 1497 545 1572 consilio
561 1497 687 1571 Carisii
704 1497 832 1572 missus
848 1512 902 1572 est
919 1496 958 1571 in
973 1497 1160 1571 fornacem

102 1614 331 1705 hermarum
352 1615 414 1690 sed
430 1613 583 1689 thermae
598 1615 695 1688 ultra
709 1614 824 1689 calere
840 1640 918 1689 non
935 1630 1136 1714 potuerunt
1144 1667 1157 1704 ,

102 1733 325 1836 eapostolus
336 1733 452 1808 altero
462 1731 522 1807 die
534 1732 727 1807 incolumis
741 1757 899 1833 egressus
911 1748 977 1806 est.
995 1731 1160 1833 Denique

102 1866 286 1953 negerunt
310 1850 414 1924 illum
443 1865 486 1924 ut
508 1849 703 1924 simulacro
731 1849 817 1924 solis
845 1849 993 1924 offerret
1019 1849 1160 1923 sacrifi-

102 1968 201 2042 ium,
220 1968 310 2040 Erat
329 1981 454 2042 autem
475 1981 591 2039 statua
613 1965 699 2040 solis
718 1992 763 2041 ex
780 1990 872 2039 auro
891 1964 1003 2054 faeta,
1025 1963 1159 2040 babens

102 2085 298 2188 ffldrigam
319 2111 498 2186 equorum
516 2110 664 2159 auream
684 2099 723 2158 et
742 2110 910 2172 currum,
928 2083 993 2158 nbi
1010 2082 1159 2159 habenis

102 2202 228 2290 ffusis,
242 2202 341 2303 quusi
359 2228 466 2275 cursu
481 2202 610 2302 rupido
622 2200 794 2302 agebatur
807 2201 850 2275 ad
867 2202 994 2276 coelos.
1011 2205 1052 2276 ln
1067 2217 1160 2276 tem-

102 2319 151 2394 lo
173 2319 324 2420 gentiles
344 2317 536 2394 barbarico
559 2321 634 2393 ritu
653 2319 785 2394 choros
800 2317 999 2408 ducebant,
1018 2336 1056 2394 et
1076 2321 1158 2393 vir-

102 2437 189 2524 ines
210 2462 295 2509 eum
318 2436 408 2537 lyris
430 2435 625 2510 cantabant
631 2490 644 2527 ,
670 2462 753 2509 cum
776 2434 878 2509 tibiis
894 2451 932 2511 et
952 2437 1157 2538 tympanis,

102 2580 172 2629 ιιιιι
185 2555 301 2628 titulis
313 2556 368 2654 (ι)
386 2571 494 2657 utque
511 2553 721 2628 thuribulis.
740 2553 906 2656 Cumque
917 2580 982 2628 rex
997 2569 1036 2628 et
1050 2555 1157 2628 amici

102 2674 162 2773 ius
178 2671 265 2744 illuc
281 2671 486 2772 apostolum
509 2671 814 2761 introduxissent,
840 2686 878 2746 et
902 2672 1089 2746 immolare
1105 2673 1159 2744 si-

102 2787 249 2863 uulucrn
263 2787 348 2862 solis
361 2788 414 2861 illi
430 2787 705 2889 persuaderent,
726 2789 800 2889 ipse
815 2788 974 2862 daemoni
987 2786 1158 2863 hebraico

102 2931 252 2980 srmone
273 2906 447 3007 praecepit
466 2921 509 2977 ut
529 2905 662 2994 exiret,
683 2904 825 3006 sibique
845 2930 1019 3006 apparens
1036 2905 1158 3006 impe-

102 3038 163 3097 ata
192 3023 394 3124 perficeret.
428 3024 595 3123 Egressus
623 3037 744 3095 autem
772 3021 915 3096 daemon
947 3022 1047 3096 stetit
1073 3038 1157 3097 ante

102 3167 169 3214 um
178 3195 190 3229 ,
210 3141 259 3212 ita
276 3156 318 3211 ut
333 3140 429 3214 solus
445 3139 583 3214 videret
597 3167 693 3214 eum.
708 3139 903 3240 Apostolus
915 3167 999 3212 cum
1020 3137 1157 3214 Zabulo

102 3255 255 3333 rebraice
274 3256 508 3360 loquebatur,
531 3271 568 3332 et
590 3257 712 3330 nullus
734 3255 868 3332 sciebat
888 3255 978 3358 quid
998 3255 1154 3345 diceret,

102 3372 143 3449 'el
160 3373 218 3447 cui
237 3375 460 3475 loqueretur.

102 3488 300 3613 'Tandem
316 3516 400 3562 cum
413 3506 554 3564 sanctus
568 3491 726 3564 Thomas
740 3489 892 3565 adorans
904 3492 1104 3565 Dominum
1117 3491 1155 3562 in

102 3604 225 3706 emplo
242 3632 357 3706 genua
374 3606 551 3696 flexisset,
575 3621 611 3681 et
634 3607 792 3682 daemoni
816 3633 899 3710 rege
921 3623 1099 3708 praesente
1117 3608 1156 3681 in

102 3719 220 3794 {bristi
236 3723 385 3796 nomine
401 3725 629 3825 precepisset
651 3741 692 3798 ut
709 3726 893 3800 neminem
911 3724 1076 3816 laederet,
1096 3724 1157 3799 sed

117 4041 130 4106 l
134 4043 160 4112 ι)
175 4039 253 4096 Nous
271 4059 389 4115 pensum
408 4060 464 4117 que
482 4045 578 4100 titulus
598 4045 706 4120 signifie
723 4047 760 4101 ici
780 4047 944 4121 inscription
953 4086 972 4116 ,.
979 4049 1100 4104 όοήιειιι
1119 4066 1154 4104 en

102 4127 236 4185 honneur
245 4128 286 4185 du
300 4129 376 4186 dieu.
391 4131 466 4186 Dans
473 4130 500 4187 le
507 4131 572 4188 saux
582 4132 701 4202 Audin,
710 4151 749 4191 on
759 4133 807 4204 lit,
820 4152 856 4190 an
865 4134 922 4192 lien
931 4134 968 4192 de
978 4137 1086 4194 timus:
1101 4155 1154 4194 ua-

102 4219 166 4287 uus,
182 4220 265 4292 petits
275 4238 349 4278 rasso
359 4239 407 4277 sur
418 4220 537 4296 lesquels
547 4238 585 4279 on
597 4221 702 4280 brblait
713 4223 762 4281 des
775 4224 909 4299 perime.
