2916 4958
273 393 336 453 202
551 389 735 451 HISTORIA
755 387 1058 451 scetustsstlcu

275 509 552 598 summiserunt,
583 522 620 582 et
643 506 786 607 plebem
815 533 856 580 ac
885 507 1042 582 seniores
1072 521 1179 607 atque
1205 508 1342 584 scribas

274 637 561 698 commoverunt.
578 620 715 697 Deinde
727 614 1003 709 concurrentes,
1021 647 1106 696 eum
1117 641 1339 722 rapuentnt,

272 741 365 814 etin
383 737 539 813 concilio
555 753 731 813 statutum
746 752 1014 812 accusaverunt.
1042 739 1175 813 Omnes
1195 755 1340 830 autern,

274 858 336 955 qui
356 854 526 930 sedebant
548 857 587 929 iu
608 854 785 945 concilio,
812 854 981 929 viderunt
1006 854 1135 930 faciem
1156 857 1232 956 ejus
1255 871 1343 931 tan-

273 1000 382 1073 quam
397 973 525 1046 laciem
543 972 672 1072 angeli.
695 975 938 1072 Interrogatus
954 998 973 1042 a
991 973 1156 1072 principe
1171 973 1344 1048 sacerdo·

275 1103 354 1159 tum
374 1085 585 1188 eloquenter
602 1086 806 1186 respondit,
838 1103 875 1160 et
900 1087 1048 1187 antiqua
1074 1103 1219 1185 patrum
1242 1103 1344 1189 gesta

274 1203 472 1304 prudenter
489 1203 689 1303 intrepidus
706 1202 909 1302 explicavit.
931 1202 1023 1277 Nam
1040 1202 1084 1278 de
1101 1200 1286 1278 Abraham
1303 1220 1345 1280 et

273 1322 416 1420 Moyse,
436 1319 586 1420 aliisque
603 1318 812 1419 patriarchis
831 1316 997 1394 idoneam
1013 1318 1256 1395 laudationem
1272 1348 1343 1396 ex-

276 1437 379 1528 tulit,
407 1463 688 1538 magnarumque
706 1462 829 1510 rerum
845 1437 1091 1511 narrationem
1108 1437 1343 1538 breviloquio

275 1553 463 1626 conclusit.
490 1555 654 1654 Denique
679 1552 882 1628 incredulos
898 1569 936 1628 et
960 1553 1045 1655 legis
1071 1569 1343 1654 contemptores

274 1669 477 1769 redarguit,
497 1669 607 1743 duros
620 1688 657 1744 et
670 1671 939 1743 incircumcisos
954 1669 1123 1744 cordibus
1138 1686 1176 1745 et
1190 1669 1343 1744 auribus

273 1785 388 1883 palam
405 1785 595 1884 appellavit
605 1840 616 1875 ,
637 1787 700 1886 qui
718 1785 869 1885 Spiritui
886 1785 1019 1859 Sancto
1035 1805 1176 1884 semper
1192 1787 1343 1860 restite-

274 1913 384 1988 runt,
409 1915 446 1972 et
473 1897 665 1999 propbetas
692 1901 870 1999 persecuti
893 1913 991 1972 sunt.
1018 1900 1213 1973 Audientes
1235 1899 1340 1991 boec,

273 2013 540 2089 dissecabantur
558 2014 726 2090 cordibus
742 2016 833 2103 suis,
850 2031 887 2089 et
903 2014 1103 2089 stridebant
1118 2015 1288 2090 dentibus
1302 2019 1346 2090 in-

274 2130 898 2230 eum.GumautemessetStepbamu
907 2131 1339 2231 plenusSpirituSancto,

275 2245 466 2321 intendens
484 2249 522 2320 in
539 2245 676 2320 coelum
693 2246 783 2320 vidit
797 2248 949 2348 gloriam
966 2248 1054 2336 Dei,
1082 2265 1119 2323 et
1136 2251 1187 2322 ait
1205 2279 1216 2322 ε
1236 2252 1343 2325 Ecce

272 2362 379 2436 uideo
414 2363 522 2435 coelos
556 2380 721 2463 apertos,
752 2381 786 2436 et
813 2365 939 2437 Jesum
960 2382 1113 2438 stantem
1141 2392 1168 2437 α
1195 2366 1341 2442 dea-tris

275 2479 358 2550 Dei.
379 2479 622 2551 Exclamantes
642 2493 763 2554 autern
788 2505 876 2553 voce
899 2508 1049 2580 magna,
1075 2483 1342 2558 continuerunt

275 2620 377 2668 aures
410 2621 512 2684 suas,
554 2609 591 2670 et
628 2597 803 2697 impetum
840 2597 1006 2671 fecerunt
1039 2587 1262 2672 unanimiter
1301 2600 1341 2674 in

274 2736 382 2797 eum,
403 2725 440 2785 et
455 2711 637 2809 ejicientes
661 2737 744 2784 eum
762 2725 861 2784 extra
888 2712 1086 2800 civitatem,
1118 2710 1340 2810 lapidabant.

246 2822 248 2827 ’
275 2829 397 2901 Testes
412 2853 500 2902 vero
516 2829 726 2902 vestimenta
744 2855 805 2900 sua
824 2855 922 2902 secus
947 2827 1052 2927 pedes
1080 2828 1175 2902 Sauli
1200 2829 1343 2905 adoles-

274 2946 388 3019 centis
405 2945 650 3045 deposuerunt
662 2960 700 3018 et
711 2943 932 3043 Stephanum
949 2945 1214 3045 lapidaverunt,
1235 2947 1343 3022 invo-

274 3076 415 3134 cantem
431 3075 468 3133 et
484 3060 664 3142 dicentem
680 3090 690 3131 ι
707 3061 866 3133 Domine
876 3060 907 3133 J
906 3087 969 3132 esu
974 3115 988 3150 ,
1006 3065 1150 3162 suscipe
1169 3062 1343 3162 spiritum

274 3204 404 3250 meum.
423 3177 553 3251 Positis
569 3191 690 3250 autem
701 3176 872 3277 genibus,
893 3177 1057 3249 clamavit
1071 3201 1159 3250 voce
1177 3202 1309 3277 magna
1329 3207 1341 3251 s

273 3296 449 3383 Domine,
471 3321 517 3367 ne
538 3311 680 3368 statuas
699 3294 773 3366 illis
793 3295 862 3367 lzoc
877 3310 1083 3395 peccatum.
1104 3294 1253 3366 Etcum
1270 3291 1343 3369 boc

273 3409 438 3497 dixisset,
466 3408 688 3483 obdormivit
709 3411 747 3482 in
764 3410 1005 3507 Domino(1).
1031 3411 1110 3483 Hoc
1137 3411 1259 3510 itaque
1284 3436 1342 3485 se·

275 3526 394 3600 cundo
410 3527 601 3601 dominicae
618 3527 832 3602 ascensionis
853 3553 971 3615 auno,
991 3540 1057 3600 νιι0
1075 3527 1146 3600 kal.
1160 3528 1340 3626 januarii,

273 3640 491 3715 factumest.
511 3642 627 3718 Porro
644 3643 711 3714 viri
730 3643 890 3716 timorati
907 3668 1038 3742 corpus
1058 3641 1343 3741 protomartyris

276 3759 313 3830 in
331 3757 453 3830 villam
463 3757 688 3848 Gamalielis,
702 3787 785 3860 quae
797 3757 1071 3860 Gaphargamala
1088 3758 1237 3849 dicitur,
1254 3784 1343 3858 por-

308 4133 346 4202 (1)
365 4133 430 4187 Act.
446 4142 536 4204 apost.
552 4151 592 4202 va,
608 4132 694 4200 8·vu,
708 4130 751 4207 59.
