2894 4958
531 418 650 485 unsslt
667 418 878 486 steuchus.
1182 426 1243 487 21⁹

212 542 386 644 -Agrippu
401 566 488 617 vero
505 539 602 615 filius
614 521 689 640 ejui
702 566 792 616 xxvr
809 541 913 615 suuis
922 593 934 631 ,
950 540 988 615 id
1005 555 1058 615 est
1073 566 1186 643 usque
1198 541 1242 616 ud

174 657 436 734 exterminium
463 655 696 745 Judaeorum,
725 656 908 757 regnavit,
939 670 976 731 et
1005 680 1129 756 pacem
1159 683 1243 731 cum

175 775 352 851 Romanis
368 791 406 849 et
421 771 633 848 Christianis
649 771 786 849 habuit.
805 772 971 850 Verbum
986 776 1133 851 Domini
1151 800 1244 850 cres-

178 887 284 966 cebat
303 906 340 965 et
354 887 697 988 multiplicabatur(
720 889 751 987 )

227 1005 433 1082 Antiochiae
458 1008 496 1080 in
521 1006 665 1082 ecclesia
682 1003 872 1104 prophetas
893 1021 931 1080 et
953 1005 1119 1081 doctores
1140 1023 1244 1081 munt

177 1122 359 1201 Barnabas
379 1138 418 1198 et
438 1124 565 1199 Simon
580 1122 704 1224 Niger,
724 1123 855 1197 Lucius
870 1125 1103 1224 Cyrenensis,
1120 1124 1245 1198 Muna-

178 1238 254 1317 hen
268 1239 420 1316 Herodis
437 1237 627 1316 tetrumhoe
646 1239 884 1315 collactaneus
902 1254 938 1313 et
955 1239 1096 1313 Saulus.
1117 1239 1245 1313 Minis·

180 1356 364 1435 omuibus
384 1358 454 1433 illis
469 1357 629 1434 Domino
646 1371 683 1431 et
697 1354 961 1457 jejunantibus,
978 1356 1071 1431 dixit
1091 1356 1246 1457 Spiritus

180 1474 357 1549 sancum
371 1472 551 1577 Superato
561 1472 655 1549 nsidt'
664 1473 878 1549 Bamabam
889 1489 924 1548 et
935 1471 1093 1548 Saulum
1104 1475 1144 1547 in
1154 1499 1247 1575 opus

179 1588 287 1692 quod
304 1590 364 1689 (η)
383 1593 564 1691 assumpsi
580 1615 654 1664 eos.
679 1591 783 1663 Tunc
800 1592 1002 1690 jejunantes
1021 1606 1058 1664 et
1081 1605 1245 1681 orantes,

180 1723 221 1783 et
235 1733 364 1783 manus
383 1709 434 1783 eis
451 1709 695 1809 imponentes,
718 1706 945 1784 dimiserunt.
970 1709 1040 1809 Ipsi
1067 1709 1248 1809 quidemr

180 1825 326 1927 Spiritu
342 1825 476 1901 Sancto
491 1826 589 1900 missi
604 1824 800 1900 Seleuciam
813 1823 1003 1915 obierunt,
1022 1839 1060 1899 et
1077 1825 1160 1898 inde
1173 1827 1252 1926 Gy-

181 1942 578 2044 mnsuguveruut,
594 1943 774 2019 Salamine
786 1943 825 2018 in
838 1942 1028 2044 synagogis
1038 1941 1249 2017 Judoeorum
1344 1942 1345 1949 ’

182 2056 337 2135 verbum
367 2060 431 2134 Dei
460 2058 767 2159 predicaverunt,
798 2076 837 2136 et
864 2059 1067 2133 universum
1097 2058 1250 2132 insulam

181 2173 358 2275 usquead
374 2173 536 2275 Paphum
551 2173 891 2276 perambulaverunt
906 2175 924 2275 (
948 2174 979 2273 ).

233 2288 289 2366 lbi
309 2291 456 2393 Sergius
468 2291 599 2366 Paulus
614 2291 830 2394 proconsul,
850 2292 907 2364 vir
923 2288 1102 2391 prudens,
1120 2290 1252 2363 Barna-

181 2405 269 2482 tam
291 2421 330 2481 et
348 2407 497 2483 Saulruu
518 2409 699 2498 accersiit,
718 2423 757 2482 et
774 2406 1019 2482 desideranter
1034 2406 1157 2481 audito
1174 2431 1253 2480 ser-

182 2548 296 2599 mone
306 2524 372 2599 Dei
389 2523 555 2598 credidit.
569 2527 675 2599 Tunc
690 2523 817 2597 Saulus
826 2523 996 2624 Flymam
1009 2547 1155 2623 magum
1170 2519 1254 2596 doc·
1285 2552 1290 2563 ¹

183 2641 294 2717 minas
310 2639 394 2716 fidei
408 2643 635 2718 resistentem
650 2645 751 2741 jussu
767 2640 813 2715 ad
831 2655 972 2741 tempus
991 2639 1200 2729 excecavit,
1217 2652 1254 2713 et

182 2760 337 2836 nomine
348 2759 469 2848 Pauli,
488 2787 597 2861 quem
609 2760 654 2835 de
666 2758 833 2860 gentibus
844 2759 1005 2861 primum
1017 2758 1088 2834 fide
1099 2757 1250 2847 devicit,

184 2889 228 2949 ut
238 2874 363 2974 Scipio
376 2874 569 2950 Africanus
581 2903 601 2950 a
612 2877 751 2952 devicta
761 2875 884 2950 Africa
897 2876 1171 2976 cognominatus
1183 2887 1250 2961 est,

184 2993 357 3096 appellari
370 2993 518 3068 meruit.
532 2995 669 3072 Deinde
680 2996 816 3095 Pergen
831 2991 1060 3094 Pamphilius,
1073 3006 1111 3067 et
1125 2990 1255 3065 Antio-

184 3108 306 3185 citium
327 3111 467 3185 Pisidiae
491 3128 688 3201 venerumt,
715 3127 753 3187 et
779 3112 927 3213 ingressi
950 3135 1168 3213 synagogam
1196 3108 1255 3182 die

184 3225 420 3303 abbatorum
435 3227 617 3303 sederunt.
636 3231 723 3306 Post
738 3229 932 3306 lectionem
948 3229 1035 3330 legis
1054 3243 1091 3304 et
1102 3224 1256 3328 prophe·

221 3565 233 3635 (
237 3565 262 3636 1)
272 3562 451 3636 Oupourruit
456 3564 556 3634 croire,
565 3564 672 3640 d'apres
677 3566 717 3622 les
722 3566 829 3642 paroles
836 3566 872 3623 de
877 3577 959 3624 notre
965 3577 1075 3647 auteur,
1084 3566 1257 3642 qu’agitppa

189 3655 281 3710 aurait
295 3653 411 3710 succede
425 3657 442 3710 i
456 3674 506 3710 son
523 3657 606 3730 pere,
619 3656 711 3714 undis
723 3677 778 3733 que
791 3677 822 3713 ce
834 3657 877 3714 fut
888 3678 925 3715 au
937 3659 1074 3714 contraire
1086 3661 1101 3713 i
1114 3674 1165 3714 sou
1178 3656 1259 3713 oncle

188 3740 319 3810 utrode,
333 3741 375 3796 fils
386 3740 589 3813 d'Aristobule,
602 3743 671 3819 qu‘il
683 3745 799 3802 succedo
810 3746 880 3802 daus
891 3744 917 3802 le
929 3763 1061 3819 royaume
1075 3744 1111 3801 de
1125 3743 1258 3801 Chalcide

189 3829 254 3885 etia
264 3830 422 3904 prefectum
434 3830 474 3886 du
485 3832 589 3906 temple
600 3852 636 3890 eu
650 3837 694 3908 49.
708 3835 791 3890 Trois
801 3852 851 3890 aus
862 3836 956 3909 apis,
970 3834 1124 3909 ilreputeu
1133 3834 1258 3906 &change

191 3920 379 3977 latdtrarchie
392 3922 427 3979 de
442 3923 569 3998 Philippe
579 3935 608 3981 et
618 3926 686 3982 celle
698 3926 734 3982 de
746 3927 884 4000 Lysaniae.
899 3927 989 4000 Apris
998 3926 1025 3981 la
1037 3924 1210 3982 destruction
1223 3923 1258 3979 dc

190 4008 343 4064 Jerusalem
353 4011 422 4084 (70).
436 4010 456 4065 il
469 4011 529 4067 rint
540 4012 650 4069 habitor
663 4013 768 4082 Rome,
783 4025 812 4069 et
824 4032 842 4086 y
852 4025 966 4070 mourut
978 4033 1014 4070 eu
1025 4032 1071 4087 9⁰·

224 4098 264 4168 (α)
284 4098 359 4153 Lisea
373 4123 378 4151 :
393 4098 434 4152 ad
442 4100 527 4172 quod.

225 4184 265 4256 (ὅ)
283 4189 348 4244 Act.
363 4199 453 4260 apost.
469 4207 532 4258 κιιι,
547 4189 601 4248 so.
614 4195 659 4262 αα
669 4195 771 4263 ooli.)
