2916 4958
61 471 65 479 .
192 421 251 480 298
469 356 654 478 HlS‘iORss
675 414 979 478 Ecettsttstlct.

190 537 245 610 ad
266 555 348 610 tuas
371 536 501 636 epulas
526 536 698 625 inuitam,
718 536 837 609 sciens
860 535 962 635 quod
982 561 1030 608 cc
1055 552 1129 609 tcto
1151 537 1256 610 cortic

190 681 270 728 usco
287 652 543 728 desiderabam
559 669 605 726 ts.
628 653 672 727 V
667 651 724 726 idi
726 652 876 749 facicm
891 669 1013 743 tuam,
1035 670 1071 726 et
1089 657 1203 754 quasi
1215 654 1259 730 dc

189 770 356 874 sepulum
378 772 576 845 suscitatus
598 797 692 847 sum.
715 768 820 844 Odor
838 787 921 845 tuus
944 773 1258 874 concupiscentius

191 891 232 962 in
256 916 314 964 mc
340 890 512 965 sucitavit
538 904 706 966 aetsnws.
738 889 782 963 V
776 914 828 962 otc
854 904 920 962 tua
940 889 1059 992 plum
1083 892 1261 966 suaviust

191 1007 369 1106 melliflua
376 1065 390 1098 ,
410 1024 444 1079 et
459 1007 630 1080 allocutio
646 1024 711 1080 tua
724 1007 1024 1107 incomparabilis
1037 1025 1091 1080 est
1107 1007 1260 1108 eloquii}

191 1123 417 1223 angelorum.
437 1122 560 1223 Opera
576 1140 641 1198 tua
655 1124 805 1222 scripsi,
825 1148 909 1222 quoe
920 1123 1039 1198 oculis
1052 1127 1143 1196 meis
1156 1124 1259 1212 utili,-

192 1255 228 1313 ει
240 1239 372 1329 verba,
391 1265 474 1340 qua
487 1266 536 1314 sc
550 1266 613 1315 ore
624 1257 687 1314 tuo
703 1240 855 1314 auribus
867 1245 956 1314 meis
970 1240 1113 1316 audivi.
1127 1227 1259 1333 Nuria,

192 1356 374 1445 Domius,
397 1355 609 1432 comnwnda
633 1355 701 1430 tibi
706 1356 817 1451 filios
839 1373 937 1446 tuos,
961 1383 1051 1456 quos
1070 1356 1140 1428 tibi
1161 1359 1261 1457 uirgo

192 1490 309 1549 mator
322 1498 394 1575 per
413 1499 552 1574 aquam
576 1489 610 1548 st
635 1472 814 1575 Spiritum
840 1472 1021 1549 Sanctum
1041 1476 1263 1575 regerminant

192 1590 379 1666 Ecclesia.
405 1589 563 1687 Suscipit
586 1615 665 1682 mc,
690 1607 730 1664 ut
750 1615 835 1672 cum
846 1590 1035 1690 fiuuibus
1057 1593 1150 1664 meis
1174 1593 1259 1681 sim,

193 1735 276 1783 cum
293 1709 424 1807 quibus
439 1710 588 1784 ueniens
603 1710 768 1784 invitasti
780 1735 849 1782 mc.
869 1710 988 1810 Aperi
1001 1709 1091 1782 milti
1103 1713 1263 1812 jussuum

191 1828 298 1915 vita,
316 1840 352 1900 et
363 1825 506 1929 perduc
522 1852 580 1901 mc
595 1827 650 1901 ad
665 1829 867 1901 convivium
880 1827 1075 1929 cpulcmm
1096 1842 1261 1917 tuarum,

194 1943 259 2016 ubi
283 1960 397 2018 tecum
422 1969 547 2018 ouuics
570 1944 685 2018 amici
708 1945 763 2016 tui
785 1944 992 2047 epulamur.
1021 1944 1081 2017 tu
1107 1970 1146 2018 es
1171 1945 1265 2017 enim

198 2061 477 2156 Ciuistusfilius
492 2059 567 2134 Dei
577 2061 671 2150 uiui,
686 2061 752 2160 qui
754 2078 944 2163 praeopto
952 2062 1075 2163 patris
1090 2059 1265 2133 instuduit

194 2178 359 2254 salvasti.
374 2178 461 2252 Tibi
465 2180 611 2278 gratias
621 2175 807 2267 resciimus
812 2205 882 2281 per
891 2180 1036 2275 infinita
1047 2177 1265 2253 saeculorum

195 2293 349 2368 sucula.
368 2291 531 2393 Cumque
542 2292 663 2367 omnis
676 2292 832 2393 populus
848 2292 1090 2393 respondisset
1105 2322 1117 2366 s
1131 2302 1265 2381 Amen,

195 2411 258 2483 lux
285 2425 385 2484 unu
412 2434 519 2510 super
540 2409 745 2510 apostolum
770 2411 938 2511 apparuit
961 2435 1029 2510 per
1054 2435 1169 2484 unam
1193 2409 1267 2486 fus

196 2525 343 2616 horum,
358 2539 400 2599 ut
414 2525 535 2601 nullus
546 2527 714 2602 sufferret
725 2543 901 2627 aspectus.
917 2528 1044 2601 Postcs
1057 2525 1206 2600 invent·
1217 2536 1268 2599 cst

198 2642 258 2718 illu
274 2642 378 2720 fovea
394 2642 519 2742 plenu,
539 2642 631 2718 nihil
652 2642 751 2716 uliud
768 2643 807 2717 in
824 2669 862 2717 sc
878 2640 1012 2717 habens
1024 2640 1093 2714 uisi
1111 2665 1265 2728 manns,

196 2787 305 2862 quum
321 2785 435 2861 usque
451 2758 558 2834 hodie
574 2760 675 2838 locus
690 2759 764 2859 ipse
777 2759 916 2860 gignit,
934 2755 997 2831 ubi
1011 2782 1140 2858 magns
1156 2755 1270 2830 mirs-

198 2879 365 2954 culorum
381 2876 484 2977 copia
500 2877 660 2976 specialis
671 2877 778 2951 sinici
793 2878 879 2952 Jcsu
893 2874 1027 2948 chtisti
1039 2873 1183 2950 meritis
1194 2899 1271 2950 msc·

198 2994 344 3071 bruscit.
364 2994 455 3070 Illuc
471 2995 647 3072 nimirum
666 2993 775 3067 multi
790 3008 1007 3082 accurrunt,
1023 3008 1109 3067 vota
1127 3007 1167 3067 et
1183 3016 1269 3067 on-

199 3113 316 3188 tiones
327 3112 404 3187 Deo
413 3109 593 3201 fundunt,
607 3111 816 3212 meritisque
827 3110 940 3185 sancti
952 3110 1103 3184 ioannis
1115 3106 1268 3210 apostoli

200 3245 237 3303 ct
253 3228 491 3329 Evangelistae
505 3243 670 3327 optatum
684 3253 831 3326 precum
847 3254 992 3301 suarum
1009 3227 1180 3301 effectum
1195 3250 1271 3326 pst*

199 3348 361 3446 cipiunt,
385 3359 422 3421 et
443 3344 553 3445 pulsis
575 3341 847 3419 infirmitatibus
868 3360 906 3419 ct
926 3343 1096 3445 periculis
1118 3347 1269 3417 virtutus

200 3464 408 3540 orationum
429 3467 504 3562 ejus
524 3460 716 3537 salubriter
737 3463 902 3537 sentiunt
922 3463 996 3562 (1).
1022 3461 1117 3535 Cum
1139 3460 1272 3563 quibus

236 3741 279 3810 (ι)
296 3739 376 3797 saint
388 3740 544 3814 Augustin,
559 3738 698 3813 Guigoirc
716 3737 752 3794 de
772 3738 864 3793 Tours
876 3749 906 3794 et
922 3748 1014 3793 autres
1029 3737 1165 3793 tei-ivains
1185 3734 1269 3792 eccli·

202 3829 346 3904 siastiques
354 3830 486 3904 jusqu’su
497 3840 558 3885 uu·
568 3827 666 3897 situle,
680 3827 790 3902 parient
802 3826 838 3882 de
854 3837 927 3884 cetto
943 3845 1044 3882 manue
1054 3827 1104 3901 qui
1118 3825 1223 3881 conicit
1234 3823 1271 3880 du

204 3921 334 3977 tombeau
351 3921 387 3975 de
406 3921 478 3976 saint
493 3922 571 3975 Jesn.
587 3920 675 3975 Notrc
688 3929 787 3974 auteur
801 3919 890 3992 parsit
906 3916 1022 3991 adoptet
1035 3917 1172 3990 l’opiuion
1191 3915 1272 3971 tmise

204 4027 254 4081 par
263 4010 336 4064 saint
347 3997 470 4081 Ephrem
482 4019 510 4063 et
523 4008 660 4081 plusieurs
670 4018 773 4074 autres,
784 4026 838 4081 que
848 4007 995 4063 sainttean
1005 4005 1101 4061 n’itait
1109 4005 1190 4078 point
1202 4010 1272 4057 mort

204 4116 240 4153 ou
254 4098 320 4153 c'tait
334 4097 571 4152 iinmidiatcmcnt
584 4098 743 4164 ressusciti3
760 4117 796 4153 on
813 4097 943 4172 appuyait
958 4105 1029 4152 cette
1046 4095 1162 4170 opinion
1177 4111 1224 4150 sur
1237 4109 1271 4146 un

203 4202 315 4260 passage
332 4186 367 4241 de
381 4204 430 4242 son
443 4175 589 4260 Evangiie,
599 4206 637 4256 n,
653 4205 702 4255 αα,
717 4185 761 4244 23.
