2894 4958
186 412 246 472 ³78
461 409 646 470 HISTORIA
670 408 973 473 scommatum.

184 527 375 603 visibiliter
392 529 535 629 populis
557 556 740 630 apparere.
763 531 935 606 Protinus
951 532 996 606 de
1011 546 1130 607 statua
1148 536 1244 610 exirit

185 648 285 748 quasi
312 648 414 747 niger
431 647 603 747 puerulos
619 645 810 723 obscurior
822 647 995 750 fuligine,
1015 653 1120 750 cujus
1138 652 1244 752 capilli

188 765 271 837 tetri
286 781 322 839 et
335 763 534 839 densissimi
549 765 716 866 usquead
728 765 833 866 pedes
845 785 968 854 erant3
981 782 1152 869 etperos
1164 771 1247 844 illius

185 906 226 953 ac
248 907 351 955 nares
367 897 406 957 et
426 880 627 980 oculos(1)
654 908 737 955 cum
758 879 889 959 foetido
906 883 1036 960 ardore
1052 885 1246 960 emanabat

185 998 352 1099 Denique
377 1014 500 1075 sancto
526 998 671 1099 populis
694 997 906 1076 ostendente
930 1027 1042 1102 quem
1063 1002 1249 1076 dominun

187 1116 394 1206 coluerant,
409 1117 514 1217 eique
526 1142 651 1189 rursus
664 1131 706 1189 ut
717 1131 870 1191 statuam
882 1119 1152 1195 comminueret
1162 1145 1249 1219 prae·

118 1314 127 1330 x
187 1234 367 1332 cipiante,
388 1232 608 1308 confractam
628 1248 780 1307 statuam
798 1234 836 1306 in
854 1233 1041 1334 pulverem
1058 1233 1200 1337 redegit
1216 1249 1249 1311 et

185 1369 309 1452 postea
325 1378 503 1452 nusquam
520 1352 735 1452 comparuit.
748 1351 973 1428 Venerabilis
982 1369 1109 1428 antem
1122 1355 1250 1454 episco-

186 1496 258 1571 pus
275 1485 425 1547 cunctos
443 1487 600 1573 aegrotos
621 1470 666 1544 ad
687 1497 724 1545 se
751 1471 960 1572 congregari
976 1469 1088 1563 fecit,
1108 1487 1145 1545 et
1159 1469 1250 1544 facto

186 1614 295 1689 super
309 1614 369 1664 eos
386 1590 489 1691 signo
505 1588 621 1662 crucis
637 1589 676 1661 in
688 1587 753 1662 Dei
770 1588 920 1662 nomine
931 1589 1090 1678 sanavit3
1106 1604 1251 1662 etcunc·

188 1719 244 1778 tos
268 1705 332 1805 qui
363 1705 414 1778 ibi
443 1730 670 1779 commanere
695 1703 911 1778 videbantur
932 1702 1142 1802 baptizavit.
1170 1699 1250 1775 lude

187 1848 350 1895 reversus
367 1823 411 1894 ad
435 1822 619 1922 propriam
643 1821 784 1911 sedem,
811 1820 968 1895 oratoria
988 1803 1153 1894 construi
1173 1818 1250 1893 fecit

187 1954 224 2011 et
247 1938 448 2039 insignibus
469 1939 692 2013 ornamentis
709 1937 901 2040 diligenter
921 1935 1249 2011 decemvirorum

189 2053 382 2130 inhonore
392 2058 506 2129 sancti
520 2055 692 2155 Stephani
705 2055 986 2157 protomartyris
1000 2051 1248 2154 consanguinei

185 2173 241 2249 sui
258 2176 501 2264 consecravit,
525 2189 563 2249 et
587 2172 683 2247 aliud
705 2176 742 2247 in
763 2173 905 2248 honore
920 2172 1035 2245 sancti
1050 2171 1152 2246 Petri
1170 2194 1249 2271 apo-

189 2291 272 2365 stoli
293 2317 333 2364 ac
356 2293 516 2393 magistri
542 2293 595 2366 sui
621 2292 811 2366 constituis
834 2292 913 2391 (2),
940 2304 977 2364 et
1003 2305 1127 2363 totum
1151 2288 1250 2362 unse

187 2436 254 2510 per
273 2410 465 2482 circuitum
480 2410 623 2484 laminis
639 2411 755 2485 aureis
773 2409 929 2484 vestivit.
949 2407 1180 2484 constructis
1193 2430 1251 2477 au·

191 2537 264 2597 tem
279 2521 454 2614 basilicis,
471 2522 595 2598 beatus
612 2524 743 2624 praesul
756 2540 897 2598 certum
911 2522 1152 2597 dedicationis
1167 2519 1250 2594 diem

189 2640 436 2731 denuntiarit,
451 2658 487 2717 et
500 2640 700 2741 Stephanus
716 2640 789 2715 dux
806 2641 1038 2714 sufficientem
1050 2654 1250 2739 apparatum

190 2760 329 2833 cunctis
345 2759 574 2835 venientibus
591 2761 635 2833 ad
652 2787 748 2833 sacra
764 2759 936 2835 solemnia
953 2759 1152 2859 praeparari
1166 2781 1252 2831 com·

189 2881 385 2954 mendavit.
400 2881 517 2953 Porro
529 2880 618 2952 dum
631 2894 773 2953 sanctus
785 2877 950 2979 pontifex
968 2875 1251 2950 celebraretmis·

190 3023 310 3068 sarum
323 2997 511 3086 solemnia,
523 2996 674 3086 Arveus,
686 3022 806 3070 comes
816 2993 1011 3068 Turonicae
1025 2993 1196 3082 civitatis,
1206 3017 1252 3064 ar·

192 3127 315 3213 reptos
328 3129 411 3187 esta
425 3112 571 3187 diabolo
583 3139 667 3185 cum
679 3116 831 3212 conjuge
840 3109 1054 3184 Christiana.
1065 3109 1252 3183 Vir-antem

191 3229 339 3304 Domini
363 3228 427 3303 diu
451 3229 592 3330 fatigari
616 3230 781 3305 homines
798 3255 919 3329 passus
936 3253 1013 3301 non
1032 3242 1109 3317 est,
1127 3226 1190 3302 sed
1204 3248 1251 3300 ecs

191 3345 236 3419 ad
255 3373 292 3420 se
302 3347 410 3446 jussit
435 3347 578 3436 venire,
602 3362 639 3421 et
663 3345 845 3420 daemones
873 3343 1076 3444 increpavit
1102 3370 1170 3417 cur
1191 3339 1252 3414 ansi

190 3461 342 3539 fuissent
365 3466 405 3536 in'
423 3465 503 3538 illos
522 3466 670 3538 intrare.
689 3467 879 3538 Daemones
899 3487 986 3536 vero
1006 3460 1182 3534 dixerunt
1196 3457 1252 3532 hoc

192 3579 259 3654 sibi
275 3582 489 3682 permissum
503 3582 611 3655 fuisse
628 3606 696 3682 pro
713 3579 1014 3680 transgressione,
1032 3577 1120 3677 quia
1141 3591 1252 3650 contu

199 3748 374 3762 *-

228 3837 268 3909 (ι)
285 3814 402 3911 Ajoutdz
419 3863 425 3893 :
441 3842 525 3913 ignis.

228 3928 268 3999 (a)
286 3929 324 3983 La
339 3928 497 3985 cathedrale
515 3929 551 3985 de
562 3930 690 4002 Limoges
705 3937 748 3984 est
763 3944 866 3984 encore
882 3944 946 3982 sous
956 3925 1137 3981 l’invocation
1149 3922 1186 3978 de
1196 3921 1254 3976 atu

195 4005 322 4073 Etienne.
339 4019 453 4093 L’egtise
470 4020 599 4093 designes
615 4021 651 4076 ici
664 4038 728 4076 sous
743 4019 770 4075 le
785 4037 851 4074 nom
867 4018 906 4074 de
917 4015 1122 4085 &int-Pium,
1141 4006 1255 4087 s'apptllt

194 4106 397 4162 saint-Martia]
411 4106 510 4180 depuis
528 4107 655 4183 l’epoque
671 4106 780 4164 reculde
798 4108 837 4163 oh
853 4105 907 4162 elle
921 4125 937 4161 a
955 4121 1023 4177 recu
1039 4101 1082 4159 les
1097 4101 1217 4176 reliqua
1228 4094 1256 4150 dt

194 4193 309 4268 l'apbtre
320 4193 359 4248 du
373 4195 525 4250 Limousiu.
