2894 4958
257 309 297 378 'aa
448 303 452 309 '
531 314 716 379 nisaouu
735 317 1037 381 accersiturus.

255 456 404 508 manum
440 437 514 534 ejus
549 437 694 525 tenuit,
725 437 872 538 ipsoque
897 436 1048 536 jubente
1083 439 1201 539 puella
1234 464 1315 514 sur-

253 554 367 642 rexit,
393 551 517 654 illique
533 552 609 626 dari
627 553 840 629 manducare
854 555 1027 654 praecepit
1036 609 1048 644 ,
1067 566 1104 630 et
1125 555 1217 630 fama
1236 557 1314 632 hoec

254 668 292 741 in
319 669 520 742 universam
547 685 680 743 terram
708 671 795 744 exiit
815 671 888 770 (ι).
916 671 1030 744 Jairus
1047 672 1315 773 ‚interpretatur

254 784 465 859 illueninans
475 843 489 877 ,
518 786 574 860 v'el
605 787 854 879 illuminatus,
882 804 919 863 ct
948 788 1123 889 significat
1149 791 1313 892 Moysem

252 902 411 1003 aliosque
427 901 718 1004 legisdoctorem
739 903 939 978 duodennis
960 920 1078 980 autem
1092 904 1184 994 filia,
1203 898 1313 1006 syna-

252 1044 401 1120 gogam3
425 1018 664 1095 haemorreusa
685 1045 792 1114 vero,
817 1021 980 1121 gentium
1004 1021 1209 1111 ecclesiam,
1228 1048 1312 1122 quae

249 1135 351 1235 prius
375 1161 441 1235 per
468 1134 652 1209 Christum
681 1135 789 1211 fidem
821 1138 965 1238 tetigit,
1000 1152 1037 1211 et
1064 1138 1252 1212 sanitatem
1291 1165 1310 1211 a

249 1252 432 1352 profluvio
454 1251 654 1342 idolatriae,
674 1254 942 1356 carnaliumque
964 1255 1210 1355 voluptatum,
1234 1279 1312 1356 gra·

249 1370 340 1443 tiosa
363 1369 567 1469 praeripuit.
597 1370 779 1462 Tandem,
805 1371 897 1444 sicut
912 1370 1028 1472 puella
1042 1375 1144 1471 jussu
1160 1372 1307 1447 Domini

249 1500 371 1584 postea
391 1486 565 1561 'revixisse
592 1486 744 1576 dicitur,
775 1488 825 1561 sic
854 1490 978 1578 lsrael,
1007 1516 1091 1563 cum
1119 1488 1309 1589 plenitudo

248 1602 412 1700 gentium
431 1602 632 1692 introierit,
651 1600 858 1676 salvabitur.

296 1717 384 1792 lude
399 1719 482 1793 Jesu
505 1734 731 1808 transeunte„
759 1720 871 1792 secuti
896 1735 982 1792 sunt
1001 1725 1085 1794 eum
1104 1717 1178 1793 duo
1201 1721 1307 1810 caeci,

247 1835 439 1909 clamantes
455 1866 464 1907 ε
483 1837 656 1911 Miserere
671 1838 797 1927 nostri,
805 1836 873 1936 fili
883 1837 1021 1910 David.
1036 1835 1167 1909 Oculos
1182 1862 1310 1939 eorum

148 1987 151 1994 ·
245 1951 345 2028 domi
363 1952 500 2054 tetigit,
519 1979 649 2054 eosque
667 1952 917 2051 illuminavit(
943 1954 971 2052 ).
1024 2041 1027 2047 Ι

294 2069 451 2170 Egressis
465 2067 554 2156 illis,
570 2094 651 2142 cccc
666 2065 879 2141 obtulerunt
896 2069 926 2141 ei
943 2068 1126 2143 hominem
1143 2083 1307 2162 mutum,

246 2200 283 2260 et
302 2183 524 2258 daemonium
545 2180 749 2256 habentem.
771 2185 895 2281 Ejecto
913 2198 1032 2258 autem
1051 2182 1233 2272 daemone,
1251 2182 1309 2256 lo-

244 2317 348 2374 cutus
368 2315 421 2374 est
443 2315 565 2373 mutus
586 2313 623 2372 et
646 2297 826 2373 admiratae
847 2315 933 2374 sunt
955 2297 1092 2390 turbae,
1115 2299 1275 2374 dicentes
1297 2331 1305 2372 a

244 2419 459 2519 Numquam
471 2419 646 2519 apparuit
658 2421 714 2490 sic
727 2418 766 2490 in
779 2417 912 2515 Israel,
927 2416 1094 2492 Pharisaei
1112 2443 1199 2493 vero
1214 2416 1309 2492 dice·

244 2535 335 2609 bant
355 2567 363 2607 :
380 2537 428 2609 In
443 2534 643 2609 Beelzebub
653 2537 822 2639 principe
834 2534 1098 2609 daenwniomm
1112 2533 1309 2635 ejicitdoe-

245 2655 450 2753 nwnes(3)
998 2663 1002 2671 ’
1040 2679 1041 2682 ’

241 2819 244 2824 ⁴
293 2771 414 2844 Jesum
429 2770 469 2842 in
481 2768 622 2845 decemo
638 2765 755 2844 turbae
773 2768 1026 2870 requirebant,
1046 2783 1084 2842 et
1099 2752 1305 2856 inventum,

244 2902 290 2962 nc
306 2887 518 2976 discederet,
534 2885 603 2961 sibi
617 2886 778 2962 detinere
794 2885 968 2987 optabant
982 2886 1050 2984 (4).

293 3005 385 3078 Cum
406 3003 523 3078 turbae
550 3006 752 3095 irruerent,
784 2995 826 3077 ut
852 3003 1004 3079 verbum
1026 3005 1090 3078 Dei
1116 3003 1304 3091 audirent,

242 3125 341 3198 lesus
362 3125 400 3194 in
417 3147 544 3198 navem
567 3124 723 3197 Simonis
740 3121 916 3210 ascendit,
937 3146 1091 3222 eumque
1107 3148 1126 3193 a
1141 3131 1245 3193 'terra
1267 3119 1306 3191 in

243 3255 407 3341 stagnum
437 3238 653 3313 Genesareth
682 3237 851 3312 reducere
876 3237 1047 3338 pusillum
1073 3235 1226 3336 rogavit.
1250 3232 1306 3306 lbi

243 3356 366 3431 sedens
387 3355 508 3429 turbas
528 3356 670 3444 docuit,
692 3370 747 3445 et,
767 3370 809 3427 ut
832 3355 932 3455 loqui
957 3353 1121 3442 cessavit,
1146 3350 1305 3440 Simoni,

165 3501 167 3505 ’
242 3475 305 3574 qui
337 3488 412 3545 tota
447 3489 553 3547 nocte
585 3471 719 3544 frustra
750 3469 958 3562 laborarat,
987 3468 1079 3542 dixit
1111 3499 1120 3539 :
1152 3468 1238 3539 Duc
1268 3467 1307 3540 in

243 3586 380 3681 altum,
413 3605 446 3661 et
476 3588 602 3662 laxate
631 3591 723 3660 retia
749 3605 869 3662 vestra
899 3586 937 3658 in
968 3598 1172 3687 capturum.
1199 3583 1306 3677 Quod

242 3729 327 3776 cum
346 3704 532 3795 fecissent,
559 3706 739 3803 copiosam
762 3705 1017 3778 concluserunt
1033 3699 1305 3774 multitudinem

279 3994 316 4061 (ι)
335 3993 432 4047 Maeui.
449 4011 489 4062 u,
499 3991 597 4060 23·26;
610 3994 695 4048 Marc.
708 4011 738 4059 v,
753 3990 852 4058 35-43;
862 3993 928 4045 Luc.
940 4008 1000 4058 viu,
1017 3987 1108 4063 49-56.
1118 3990 1193 4060 —(a)
1203 3986 1302 4043 Mateta

244 4090 283 4145 tx,
298 4077 389 4152 27-31.
401 4077 484 4148 ὑ-(3)
496 4079 595 4134 neten.
611 4097 651 4148 u,
667 4075 761 4145 32-54.
776 4111 807 4122 ..
821 4082 860 4148 (l)
874 4079 939 4133 Luc.
955 4095 991 4144 ιν,
1007 4077 1050 4143 la.
