<?xml version="1.0" encoding="UTF-8"?>
<!DOCTYPE html PUBLIC "-//W3C//DTD XHTML 1.0 Transitional//EN"
    "http://www.w3.org/TR/xhtml1/DTD/xhtml1-transitional.dtd">
<html xmlns="http://www.w3.org/1999/xhtml" xml:lang="en" lang="en">
 <head>
  <title>
</title>
<meta http-equiv="Content-Type" content="text/html;charset=utf-8" />
  <meta name='ocr-system' content='tesseract 3.04.00' />
  <meta name='ocr-capabilities' content='ocr_page ocr_carea ocr_par ocr_line ocrx_word'/>
</head>
<body>
  <div class='ocr_page' id='page_1' title='image "./ordericivitalis02deligoog/ordericivitalis02deligoog_0414.png"; bbox 0 0 2894 4958; ppageno 0'>
   <div class='ocr_carea' id='block_1_1' title="bbox 540 377 1244 442">
    <p class='ocr_par' dir='ltr' id='par_1_1' title="bbox 540 377 1244 442">
     <span class='ocr_line' id='line_1_1' title="bbox 540 377 1244 442; baseline 0.009 -6"><span class='ocrx_word' id='word_1_1' title='bbox 540 378 655 439; x_wconf 85' lang='lat' dir='ltr'>LIBEll</span> <span class='ocrx_word' id='word_1_2' title='bbox 676 377 885 439; x_wconf 85' lang='lat' dir='ltr'><strong>SECUNDUS.</strong></span> <span class='ocrx_word' id='word_1_3' title='bbox 1189 381 1244 442; x_wconf 76' lang='lat'>401</span> 
     </span>
    </p>
   </div>
   <div class='ocr_carea' id='block_1_2' title="bbox 183 496 1312 3385">
    <p class='ocr_par' dir='ltr' id='par_1_2' title="bbox 183 496 1312 3385">
     <span class='ocr_line' id='line_1_2' title="bbox 183 496 1247 574; baseline 0.002 -2"><span class='ocrx_word' id='word_1_4' title='bbox 183 500 335 572; x_wconf 87' lang='lat' dir='ltr'>Sanctus</span> <span class='ocrx_word' id='word_1_5' title='bbox 359 524 452 571; x_wconf 90' lang='lat' dir='ltr'>unus</span> <span class='ocrx_word' id='word_1_6' title='bbox 476 498 571 571; x_wconf 85' lang='lat' dir='ltr'>Deus</span> <span class='ocrx_word' id='word_1_7' title='bbox 594 514 660 573; x_wconf 87' lang='lat' dir='ltr'>est.</span> <span class='ocrx_word' id='word_1_8' title='bbox 679 499 814 570; x_wconf 84' lang='lat' dir='ltr'>Contra</span> <span class='ocrx_word' id='word_1_9' title='bbox 837 496 1028 572; x_wconf 90' lang='lat' dir='ltr'>Godoliam</span> <span class='ocrx_word' id='word_1_10' title='bbox 1052 515 1088 573; x_wconf 91' lang='lat' dir='ltr'>et</span> <span class='ocrx_word' id='word_1_11' title='bbox 1104 501 1247 574; x_wconf 84' lang='lat' dir='ltr'><strong>Annam</strong></span> 
     </span>
     <span class='ocr_line' id='line_1_3' title="bbox 183 613 1247 716; baseline 0.001 -26"><span class='ocrx_word' id='word_1_12' title='bbox 183 615 317 690; x_wconf 80' lang='lat' dir='ltr'>scribas</span> <span class='ocrx_word' id='word_1_13' title='bbox 340 642 383 689; x_wconf 86' lang='lat' dir='ltr'>ex</span> <span class='ocrx_word' id='word_1_14' title='bbox 407 614 665 715; x_wconf 87' lang='lat' dir='ltr'>prophetarum</span> <span class='ocrx_word' id='word_1_15' title='bbox 692 613 793 688; x_wconf 90' lang='lat' dir='ltr'>libris</span> <span class='ocrx_word' id='word_1_16' title='bbox 818 615 957 716; x_wconf 90' lang='lat' dir='ltr'>liquido</span> <span class='ocrx_word' id='word_1_17' title='bbox 979 617 1247 691; x_wconf 86' lang='lat' dir='ltr'>manifestatum</span> 
     </span>
     <span class='ocr_line' id='line_1_4' title="bbox 184 732 1246 832; baseline -0.001 -23"><span class='ocrx_word' id='word_1_18' title='bbox 184 749 239 809; x_wconf 85' lang='lat' dir='ltr'>est</span> <span class='ocrx_word' id='word_1_19' title='bbox 254 733 438 807; x_wconf 83' lang='lat' dir='ltr'><strong>Christum</strong></span> <span class='ocrx_word' id='word_1_20' title='bbox 460 732 503 806; x_wconf 93' lang='lat' dir='ltr'>de</span> <span class='ocrx_word' id='word_1_21' title='bbox 519 733 667 832; x_wconf 84' lang='lat' dir='ltr'>Virgine</span> <span class='ocrx_word' id='word_1_22' title='bbox 684 749 810 805; x_wconf 87' lang='lat' dir='ltr'>natum</span> <span class='ocrx_word' id='word_1_23' title='bbox 819 786 830 821; x_wconf 96' lang='lat'>,</span> <span class='ocrx_word' id='word_1_24' title='bbox 849 761 867 805; x_wconf 91' lang='lat' dir='ltr'>a</span> <span class='ocrx_word' id='word_1_25' title='bbox 884 733 1029 808; x_wconf 90' lang='lat' dir='ltr'>diabolo</span> <span class='ocrx_word' id='word_1_26' title='bbox 1046 751 1246 824; x_wconf 85' lang='lat' dir='ltr'>tentatum,</span> 
     </span>
     <span class='ocr_line' id='line_1_5' title="bbox 183 847 1247 949; baseline 0.002 -26"><span class='ocrx_word' id='word_1_27' title='bbox 183 877 205 923; x_wconf 86' lang='lat' dir='ltr'>a</span> <span class='ocrx_word' id='word_1_28' title='bbox 225 849 402 949; x_wconf 90' lang='lat' dir='ltr'>discipulo</span> <span class='ocrx_word' id='word_1_29' title='bbox 423 848 617 937; x_wconf 87' lang='lat' dir='ltr'>traditum,</span> <span class='ocrx_word' id='word_1_30' title='bbox 642 848 687 922; x_wconf 92' lang='lat' dir='ltr'>ab</span> <span class='ocrx_word' id='word_1_31' title='bbox 711 847 873 924; x_wconf 81' lang='lat' dir='ltr'>hostibus</span> <span class='ocrx_word' id='word_1_32' title='bbox 897 865 1058 938; x_wconf 90' lang='lat' dir='ltr'>tentum,</span> <span class='ocrx_word' id='word_1_33' title='bbox 1083 851 1247 940; x_wconf 85' lang='lat' dir='ltr'>illusum,</span> 
     </span>
     <span class='ocr_line' id='line_1_6' title="bbox 184 964 1252 1067; baseline 0.003 -26"><span class='ocrx_word' id='word_1_34' title='bbox 184 964 421 1067; x_wconf 82' lang='lat' dir='ltr'>flagellatum,</span> <span class='ocrx_word' id='word_1_35' title='bbox 435 981 536 1041; x_wconf 88' lang='lat' dir='ltr'>aceto</span> <span class='ocrx_word' id='word_1_36' title='bbox 551 982 737 1066; x_wconf 88' lang='lat' dir='ltr'>potatum,</span> <span class='ocrx_word' id='word_1_37' title='bbox 753 966 960 1057; x_wconf 82' lang='lat' dir='ltr'>venditum,</span> <span class='ocrx_word' id='word_1_38' title='bbox 974 969 1085 1067; x_wconf 87' lang='lat' dir='ltr'>spinis</span> <span class='ocrx_word' id='word_1_39' title='bbox 1103 995 1252 1046; x_wconf 88' lang='lat' dir='ltr'>corona·</span> 
     </span>
     <span class='ocr_line' id='line_1_7' title="bbox 186 1082 1250 1182; baseline 0.006 -27"><span class='ocrx_word' id='word_1_40' title='bbox 186 1098 288 1172; x_wconf 85' lang='lat' dir='ltr'>tum,</span> <span class='ocrx_word' id='word_1_41' title='bbox 305 1083 515 1182; x_wconf 89' lang='lat' dir='ltr'>spoliatum,</span> <span class='ocrx_word' id='word_1_42' title='bbox 533 1082 743 1155; x_wconf 86' lang='lat' dir='ltr'>vestimenta</span> <span class='ocrx_word' id='word_1_43' title='bbox 760 1087 834 1182; x_wconf 88' lang='lat' dir='ltr'>ejus</span> <span class='ocrx_word' id='word_1_44' title='bbox 854 1085 892 1156; x_wconf 92' lang='lat' dir='ltr'>in</span> <span class='ocrx_word' id='word_1_45' title='bbox 909 1100 1049 1182; x_wconf 83' lang='lat' dir='ltr'>sortem</span> <span class='ocrx_word' id='word_1_46' title='bbox 1065 1085 1250 1176; x_wconf 88' lang='lat' dir='ltr'>cecidisse,</span> 
     </span>
     <span class='ocr_line' id='line_1_8' title="bbox 186 1199 1254 1299; baseline 0.002 -27"><span class='ocrx_word' id='word_1_47' title='bbox 186 1199 286 1272; x_wconf 87' lang='lat' dir='ltr'>cruci</span> <span class='ocrx_word' id='word_1_48' title='bbox 305 1200 465 1288; x_wconf 86' lang='lat' dir='ltr'>affixum,</span> <span class='ocrx_word' id='word_1_49' title='bbox 491 1215 678 1273; x_wconf 87' lang='lat' dir='ltr'>mortuum</span> <span class='ocrx_word' id='word_1_50' title='bbox 701 1215 737 1272; x_wconf 91' lang='lat' dir='ltr'>et</span> <span class='ocrx_word' id='word_1_51' title='bbox 760 1199 952 1299; x_wconf 89' lang='lat' dir='ltr'>sepultum.</span> <span class='ocrx_word' id='word_1_52' title='bbox 979 1204 1114 1277; x_wconf 81' lang='lat' dir='ltr'>Contra</span> <span class='ocrx_word' id='word_1_53' title='bbox 1134 1202 1254 1277; x_wconf 88' lang='lat' dir='ltr'>Dohet</span> 
     </span>
     <span class='ocr_line' id='line_1_9' title="bbox 187 1316 1254 1419; baseline 0.001 -28"><span class='ocrx_word' id='word_1_54' title='bbox 187 1331 225 1392; x_wconf 87' lang='lat' dir='ltr'>et</span> <span class='ocrx_word' id='word_1_55' title='bbox 241 1316 348 1389; x_wconf 90' lang='lat' dir='ltr'>Chusi</span> <span class='ocrx_word' id='word_1_56' title='bbox 365 1316 578 1406; x_wconf 84' lang='lat' dir='ltr'>didascalos,</span> <span class='ocrx_word' id='word_1_57' title='bbox 597 1332 634 1390; x_wconf 89' lang='lat' dir='ltr'>et</span> <span class='ocrx_word' id='word_1_58' title='bbox 654 1319 811 1392; x_wconf 91' lang='lat' dir='ltr'>Bonoim</span> <span class='ocrx_word' id='word_1_59' title='bbox 834 1333 870 1392; x_wconf 89' lang='lat' dir='ltr'>et</span> <span class='ocrx_word' id='word_1_60' title='bbox 885 1317 1019 1393; x_wconf 85' lang='lat' dir='ltr'>Arohel</span> <span class='ocrx_word' id='word_1_61' title='bbox 1041 1321 1254 1419; x_wconf 86' lang='lat' dir='ltr'>interpretes</span> 
     </span>
     <span class='ocr_line' id='line_1_10' title="bbox 187 1433 1255 1534; baseline 0.003 -28"><span class='ocrx_word' id='word_1_62' title='bbox 187 1433 293 1534; x_wconf 78' lang='lat' dir='ltr'>legis,</span> <span class='ocrx_word' id='word_1_63' title='bbox 311 1435 466 1507; x_wconf 84' lang='lat' dir='ltr'>maxima</span> <span class='ocrx_word' id='word_1_64' title='bbox 485 1434 620 1506; x_wconf 88' lang='lat' dir='ltr'>utilitas</span> <span class='ocrx_word' id='word_1_65' title='bbox 647 1435 904 1509; x_wconf 91' lang='lat' dir='ltr'>incarnationis</span> <span class='ocrx_word' id='word_1_66' title='bbox 926 1435 1059 1508; x_wconf 87' lang='lat' dir='ltr'>Christi</span> <span class='ocrx_word' id='word_1_67' title='bbox 1081 1451 1117 1508; x_wconf 92' lang='lat' dir='ltr'>et</span> <span class='ocrx_word' id='word_1_68' title='bbox 1134 1451 1255 1509; x_wconf 88' lang='lat' dir='ltr'>tenta-</span> 
     </span>
     <span class='ocr_line' id='line_1_11' title="bbox 188 1551 1256 1652; baseline 0.003 -29"><span class='ocrx_word' id='word_1_69' title='bbox 188 1551 299 1627; x_wconf 88' lang='lat' dir='ltr'>tionis</span> <span class='ocrx_word' id='word_1_70' title='bbox 317 1578 357 1625; x_wconf 90' lang='lat' dir='ltr'>ac</span> <span class='ocrx_word' id='word_1_71' title='bbox 372 1553 546 1652; x_wconf 78' lang='lat' dir='ltr'>passionis</span> <span class='ocrx_word' id='word_1_72' title='bbox 566 1567 706 1626; x_wconf 86' lang='lat' dir='ltr'>ostensa</span> <span class='ocrx_word' id='word_1_73' title='bbox 724 1569 789 1626; x_wconf 87' lang='lat' dir='ltr'>est.</span> <span class='ocrx_word' id='word_1_74' title='bbox 811 1553 946 1625; x_wconf 85' lang='lat' dir='ltr'>Contra</span> <span class='ocrx_word' id='word_1_75' title='bbox 961 1552 1067 1628; x_wconf 89' lang='lat' dir='ltr'>Jobal</span> <span class='ocrx_word' id='word_1_76' title='bbox 1085 1570 1122 1627; x_wconf 90' lang='lat' dir='ltr'>et</span> <span class='ocrx_word' id='word_1_77' title='bbox 1138 1552 1256 1626; x_wconf 86' lang='lat' dir='ltr'>Thara</span> 
     </span>
     <span class='ocr_line' id='line_1_12' title="bbox 189 1666 1257 1771; baseline 0 -29"><span class='ocrx_word' id='word_1_78' title='bbox 189 1666 382 1769; x_wconf 87' lang='lat' dir='ltr'>pharisaeos</span> <span class='ocrx_word' id='word_1_79' title='bbox 394 1667 598 1743; x_wconf 84' lang='lat' dir='ltr'>authentice</span> <span class='ocrx_word' id='word_1_80' title='bbox 613 1670 840 1769; x_wconf 89' lang='lat' dir='ltr'>propalatum</span> <span class='ocrx_word' id='word_1_81' title='bbox 855 1670 1021 1771; x_wconf 91' lang='lat' dir='ltr'>estquod</span> <span class='ocrx_word' id='word_1_82' title='bbox 1038 1673 1138 1745; x_wconf 90' lang='lat' dir='ltr'>Jesus</span> <span class='ocrx_word' id='word_1_83' title='bbox 1152 1671 1257 1743; x_wconf 85' lang='lat' dir='ltr'>Chri·</span> 
     </span>
     <span class='ocr_line' id='line_1_13' title="bbox 188 1783 1255 1885; baseline 0.002 -28"><span class='ocrx_word' id='word_1_84' title='bbox 188 1801 264 1858; x_wconf 88' lang='lat' dir='ltr'>stus</span> <span class='ocrx_word' id='word_1_85' title='bbox 280 1783 461 1884; x_wconf 82' lang='lat' dir='ltr'>perfectus</span> <span class='ocrx_word' id='word_1_86' title='bbox 476 1785 570 1857; x_wconf 87' lang='lat' dir='ltr'>Deus</span> <span class='ocrx_word' id='word_1_87' title='bbox 583 1801 619 1857; x_wconf 90' lang='lat' dir='ltr'>et</span> <span class='ocrx_word' id='word_1_88' title='bbox 631 1784 809 1883; x_wconf 85' lang='lat' dir='ltr'>perfectus</span> <span class='ocrx_word' id='word_1_89' title='bbox 826 1783 936 1858; x_wconf 91' lang='lat' dir='ltr'>homo</span> <span class='ocrx_word' id='word_1_90' title='bbox 953 1802 1025 1872; x_wconf 92' lang='lat' dir='ltr'>est,</span> <span class='ocrx_word' id='word_1_91' title='bbox 1044 1787 1105 1885; x_wconf 91' lang='lat' dir='ltr'>qui</span> <span class='ocrx_word' id='word_1_92' title='bbox 1124 1812 1255 1859; x_wconf 90' lang='lat' dir='ltr'>secun-</span> 
     </span>
     <span class='ocr_line' id='line_1_14' title="bbox 189 1898 1255 1988; baseline 0.002 -16"><span class='ocrx_word' id='word_1_93' title='bbox 189 1898 277 1973; x_wconf 90' lang='lat' dir='ltr'>dnm</span> <span class='ocrx_word' id='word_1_94' title='bbox 287 1899 559 1988; x_wconf 83' lang='lat' dir='ltr'>humanitatem,</span> <span class='ocrx_word' id='word_1_95' title='bbox 572 1914 613 1971; x_wconf 90' lang='lat' dir='ltr'>ut</span> <span class='ocrx_word' id='word_1_96' title='bbox 624 1898 792 1972; x_wconf 89' lang='lat' dir='ltr'>omnibus</span> <span class='ocrx_word' id='word_1_97' title='bbox 801 1899 952 1974; x_wconf 91' lang='lat' dir='ltr'>salutem</span> <span class='ocrx_word' id='word_1_98' title='bbox 965 1899 1163 1988; x_wconf 85' lang='lat' dir='ltr'>exhiberet,</span> <span class='ocrx_word' id='word_1_99' title='bbox 1176 1915 1255 1974; x_wconf 91' lang='lat' dir='ltr'>ten·</span> 
     </span>
     <span class='ocr_line' id='line_1_15' title="bbox 191 2013 1312 2117; baseline 0.001 -29"><span class='ocrx_word' id='word_1_100' title='bbox 191 2029 305 2105; x_wconf 88' lang='lat' dir='ltr'>tatus,</span> <span class='ocrx_word' id='word_1_101' title='bbox 316 2041 437 2114; x_wconf 88' lang='lat' dir='ltr'>passus</span> <span class='ocrx_word' id='word_1_102' title='bbox 447 2031 554 2115; x_wconf 89' lang='lat' dir='ltr'>atque</span> <span class='ocrx_word' id='word_1_103' title='bbox 568 2029 732 2088; x_wconf 88' lang='lat' dir='ltr'>mortuus</span> <span class='ocrx_word' id='word_1_104' title='bbox 742 2030 815 2100; x_wconf 72' lang='lat' dir='ltr'>est,</span> <span class='ocrx_word' id='word_1_105' title='bbox 831 2013 890 2087; x_wconf 87' lang='lat' dir='ltr'>sed</span> <span class='ocrx_word' id='word_1_106' title='bbox 902 2015 1133 2113; x_wconf 90' lang='lat' dir='ltr'>omnipotens</span> <span class='ocrx_word' id='word_1_107' title='bbox 1145 2014 1255 2089; x_wconf 88' lang='lat' dir='ltr'>deitas</span> <span class='ocrx_word' id='word_1_108' title='bbox 1309 2112 1312 2117; x_wconf 27' lang='grc' dir='ltr'>Ι</span> 
     </span>
     <span class='ocr_line' id='line_1_16' title="bbox 191 2129 1254 2233; baseline -0.003 -25"><span class='ocrx_word' id='word_1_109' title='bbox 191 2137 310 2208; x_wconf 90' lang='lat' dir='ltr'>omnis</span> <span class='ocrx_word' id='word_1_110' title='bbox 326 2134 515 2233; x_wconf 89' lang='lat' dir='ltr'>passionis,</span> <span class='ocrx_word' id='word_1_111' title='bbox 537 2134 629 2204; x_wconf 90' lang='lat' dir='ltr'>sicut</span> <span class='ocrx_word' id='word_1_112' title='bbox 651 2129 822 2229; x_wconf 90' lang='lat' dir='ltr'>splendor</span> <span class='ocrx_word' id='word_1_113' title='bbox 836 2131 921 2206; x_wconf 87' lang='lat' dir='ltr'>solis</span> <span class='ocrx_word' id='word_1_114' title='bbox 944 2158 1051 2231; x_wconf 90' lang='lat' dir='ltr'>super</span> <span class='ocrx_word' id='word_1_115' title='bbox 1066 2133 1254 2223; x_wconf 87' lang='lat' dir='ltr'>arborem,</span> 
     </span>
     <span class='ocr_line' id='line_1_17' title="bbox 190 2247 1258 2347; baseline -0.002 -24"><span class='ocrx_word' id='word_1_116' title='bbox 190 2247 279 2323; x_wconf 88' lang='lat' dir='ltr'>dum</span> <span class='ocrx_word' id='word_1_117' title='bbox 296 2247 397 2323; x_wconf 85' lang='lat' dir='ltr'>ferro</span> <span class='ocrx_word' id='word_1_118' title='bbox 407 2247 571 2336; x_wconf 86' lang='lat' dir='ltr'>caeditur,</span> <span class='ocrx_word' id='word_1_119' title='bbox 587 2247 771 2319; x_wconf 89' lang='lat' dir='ltr'>incisionis</span> <span class='ocrx_word' id='word_1_120' title='bbox 787 2272 911 2344; x_wconf 85' lang='lat' dir='ltr'>expers</span> <span class='ocrx_word' id='word_1_121' title='bbox 928 2261 993 2319; x_wconf 89' lang='lat' dir='ltr'>est.</span> <span class='ocrx_word' id='word_1_122' title='bbox 1013 2248 1141 2323; x_wconf 91' lang='lat' dir='ltr'>Seleon</span> <span class='ocrx_word' id='word_1_123' title='bbox 1155 2275 1258 2347; x_wconf 89' lang='lat' dir='ltr'>pres-</span> 
     </span>
     <span class='ocr_line' id='line_1_18' title="bbox 191 2361 1257 2466; baseline -0.002 -27"><span class='ocrx_word' id='word_1_124' title='bbox 191 2363 324 2466; x_wconf 81' lang='lat' dir='ltr'>bytero</span> <span class='ocrx_word' id='word_1_125' title='bbox 349 2368 491 2463; x_wconf 88' lang='lat' dir='ltr'>copiosa</span> <span class='ocrx_word' id='word_1_126' title='bbox 521 2362 614 2436; x_wconf 87' lang='lat' dir='ltr'>ratio</span> <span class='ocrx_word' id='word_1_127' title='bbox 643 2361 822 2461; x_wconf 91' lang='lat' dir='ltr'>publicata</span> <span class='ocrx_word' id='word_1_128' title='bbox 849 2379 903 2435; x_wconf 88' lang='lat' dir='ltr'>est</span> <span class='ocrx_word' id='word_1_129' title='bbox 932 2362 1030 2462; x_wconf 91' lang='lat' dir='ltr'>qnod</span> <span class='ocrx_word' id='word_1_130' title='bbox 1056 2363 1167 2436; x_wconf 83' lang='lat' dir='ltr'>Filius</span> <span class='ocrx_word' id='word_1_131' title='bbox 1190 2367 1257 2439; x_wconf 91' lang='lat' dir='ltr'>Dei</span> 
     </span>
     <span class='ocr_line' id='line_1_19' title="bbox 190 2481 1258 2585; baseline 0 -29"><span class='ocrx_word' id='word_1_132' title='bbox 190 2510 304 2585; x_wconf 85' lang='lat' dir='ltr'>agnus</span> <span class='ocrx_word' id='word_1_133' title='bbox 330 2481 576 2555; x_wconf 86' lang='lat' dir='ltr'>immaculatus</span> <span class='ocrx_word' id='word_1_134' title='bbox 598 2481 681 2578; x_wconf 86' lang='lat' dir='ltr'>jure</span> <span class='ocrx_word' id='word_1_135' title='bbox 708 2495 854 2553; x_wconf 87' lang='lat' dir='ltr'>vocatus</span> <span class='ocrx_word' id='word_1_136' title='bbox 880 2495 950 2568; x_wconf 90' lang='lat' dir='ltr'>est,</span> <span class='ocrx_word' id='word_1_137' title='bbox 977 2482 1062 2580; x_wconf 91' lang='lat' dir='ltr'>qnia</span> <span class='ocrx_word' id='word_1_138' title='bbox 1088 2483 1162 2580; x_wconf 89' lang='lat' dir='ltr'>ipse</span> <span class='ocrx_word' id='word_1_139' title='bbox 1188 2509 1258 2582; x_wconf 86' lang='lat' dir='ltr'>pro</span> 
     </span>
     <span class='ocr_line' id='line_1_20' title="bbox 193 2595 1259 2699; baseline 0 -27"><span class='ocrx_word' id='word_1_140' title='bbox 193 2599 304 2673; x_wconf 87' lang='lat' dir='ltr'>totins</span> <span class='ocrx_word' id='word_1_141' title='bbox 329 2598 455 2699; x_wconf 89' lang='lat' dir='ltr'>populi</span> <span class='ocrx_word' id='word_1_142' title='bbox 478 2597 610 2671; x_wconf 81' lang='lat' dir='ltr'>offensa</span> <span class='ocrx_word' id='word_1_143' title='bbox 635 2596 691 2694; x_wconf 89' lang='lat'>(1)</span> <span class='ocrx_word' id='word_1_144' title='bbox 717 2595 922 2669; x_wconf 88' lang='lat' dir='ltr'>immolatus</span> <span class='ocrx_word' id='word_1_145' title='bbox 948 2611 1013 2669; x_wconf 86' lang='lat' dir='ltr'>est.</span> <span class='ocrx_word' id='word_1_146' title='bbox 1039 2599 1094 2670; x_wconf 81' lang='lat' dir='ltr'>Ex</span> <span class='ocrx_word' id='word_1_147' title='bbox 1119 2599 1259 2698; x_wconf 82' lang='lat' dir='ltr'>virgine</span> 
     </span>
     <span class='ocr_line' id='line_1_21' title="bbox 192 2711 1259 2814; baseline 0.002 -27"><span class='ocrx_word' id='word_1_148' title='bbox 192 2738 338 2814; x_wconf 89' lang='lat' dir='ltr'>qnoque</span> <span class='ocrx_word' id='word_1_149' title='bbox 361 2727 465 2786; x_wconf 88' lang='lat' dir='ltr'>natus</span> <span class='ocrx_word' id='word_1_150' title='bbox 487 2728 558 2802; x_wconf 90' lang='lat' dir='ltr'>est,</span> <span class='ocrx_word' id='word_1_151' title='bbox 580 2727 622 2784; x_wconf 89' lang='grc' dir='ltr'>ιιι</span> <span class='ocrx_word' id='word_1_152' title='bbox 644 2737 711 2785; x_wconf 91' lang='lat' dir='ltr'>nos</span> <span class='ocrx_word' id='word_1_153' title='bbox 730 2737 773 2785; x_wconf 82' lang='lat' dir='ltr'>ex</span> <span class='ocrx_word' id='word_1_154' title='bbox 795 2711 963 2785; x_wconf 85' lang='lat' dir='ltr'>Ecclesiae</span> <span class='ocrx_word' id='word_1_155' title='bbox 984 2714 1134 2812; x_wconf 84' lang='lat' dir='ltr'>virginis</span> <span class='ocrx_word' id='word_1_156' title='bbox 1154 2729 1259 2790; x_wconf 86' lang='lat' dir='ltr'>utero</span> 
     </span>
     <span class='ocr_line' id='line_1_22' title="bbox 191 2828 1257 2929; baseline -0.002 -25"><span class='ocrx_word' id='word_1_157' title='bbox 191 2856 431 2904; x_wconf 87' lang='lat' dir='ltr'>nasceremur.</span> <span class='ocrx_word' id='word_1_158' title='bbox 454 2828 664 2929; x_wconf 86' lang='lat' dir='ltr'>Tripliciter</span> <span class='ocrx_word' id='word_1_159' title='bbox 686 2844 845 2902; x_wconf 87' lang='lat' dir='ltr'>tentatus</span> <span class='ocrx_word' id='word_1_160' title='bbox 867 2844 938 2917; x_wconf 86' lang='lat' dir='ltr'>est,</span> <span class='ocrx_word' id='word_1_161' title='bbox 958 2845 1001 2900; x_wconf 89' lang='lat' dir='ltr'>ut</span> <span class='ocrx_word' id='word_1_162' title='bbox 1021 2855 1088 2904; x_wconf 90' lang='lat' dir='ltr'>nos</span> <span class='ocrx_word' id='word_1_163' title='bbox 1110 2857 1128 2899; x_wconf 89' lang='lat' dir='ltr'>a</span> <span class='ocrx_word' id='word_1_164' title='bbox 1149 2831 1257 2902; x_wconf 90' lang='lat' dir='ltr'>simili</span> 
     </span>
     <span class='ocr_line' id='line_1_23' title="bbox 192 2945 1254 3037; baseline -0.005 -14"><span class='ocrx_word' id='word_1_165' title='bbox 192 2949 392 3023; x_wconf 87' lang='lat' dir='ltr'>tentatione</span> <span class='ocrx_word' id='word_1_166' title='bbox 418 2947 614 3036; x_wconf 80' lang='lat' dir='ltr'>liberaret3</span> <span class='ocrx_word' id='word_1_167' title='bbox 642 2962 783 3034; x_wconf 88' lang='lat' dir='ltr'>tentus,</span> <span class='ocrx_word' id='word_1_168' title='bbox 813 2962 854 3017; x_wconf 90' lang='lat' dir='ltr'>ut</span> <span class='ocrx_word' id='word_1_169' title='bbox 878 2970 945 3018; x_wconf 91' lang='lat' dir='ltr'>nos</span> <span class='ocrx_word' id='word_1_170' title='bbox 967 2945 1254 3037; x_wconf 81' lang='lat' dir='ltr'>dimitteremur3</span> 
     </span>
     <span class='ocr_line' id='line_1_24' title="bbox 191 3060 1256 3165; baseline -0.001 -28"><span class='ocrx_word' id='word_1_171' title='bbox 191 3065 338 3165; x_wconf 80' lang='lat' dir='ltr'>ligatus,</span> <span class='ocrx_word' id='word_1_172' title='bbox 365 3080 407 3136; x_wconf 92' lang='lat' dir='ltr'>ut</span> <span class='ocrx_word' id='word_1_173' title='bbox 430 3090 496 3137; x_wconf 91' lang='lat' dir='ltr'>nos</span> <span class='ocrx_word' id='word_1_174' title='bbox 519 3091 538 3135; x_wconf 88' lang='lat' dir='ltr'>a</span> <span class='ocrx_word' id='word_1_175' title='bbox 564 3061 662 3136; x_wconf 92' lang='lat' dir='ltr'>nodo</span> <span class='ocrx_word' id='word_1_176' title='bbox 685 3062 945 3135; x_wconf 89' lang='lat' dir='ltr'>maledictionis</span> <span class='ocrx_word' id='word_1_177' title='bbox 970 3060 1256 3153; x_wconf 80' lang='lat' dir='ltr'>absolveremur3</span> 
     </span>
     <span class='ocr_line' id='line_1_25' title="bbox 192 3178 1259 3269; baseline 0 -16"><span class='ocrx_word' id='word_1_178' title='bbox 192 3180 338 3269; x_wconf 88' lang='lat' dir='ltr'>illusus,</span> <span class='ocrx_word' id='word_1_179' title='bbox 351 3196 393 3253; x_wconf 87' lang='lat' dir='ltr'>ut</span> <span class='ocrx_word' id='word_1_180' title='bbox 406 3206 471 3254; x_wconf 92' lang='lat' dir='ltr'>nos</span> <span class='ocrx_word' id='word_1_181' title='bbox 482 3178 527 3252; x_wconf 87' lang='lat' dir='ltr'>ab</span> <span class='ocrx_word' id='word_1_182' title='bbox 540 3179 708 3254; x_wconf 89' lang='lat' dir='ltr'>illusione</span> <span class='ocrx_word' id='word_1_183' title='bbox 723 3178 932 3251; x_wconf 87' lang='lat' dir='ltr'>daemonum</span> <span class='ocrx_word' id='word_1_184' title='bbox 945 3195 1104 3265; x_wconf 87' lang='lat' dir='ltr'>erueret;</span> <span class='ocrx_word' id='word_1_185' title='bbox 1121 3205 1259 3253; x_wconf 86' lang='lat' dir='ltr'>venun·</span> 
     </span>
     <span class='ocr_line' id='line_1_26' title="bbox 190 3291 1256 3385; baseline 0 -18"><span class='ocrx_word' id='word_1_186' title='bbox 190 3291 315 3385; x_wconf 86' lang='lat' dir='ltr'>datus,</span> <span class='ocrx_word' id='word_1_187' title='bbox 331 3310 374 3366; x_wconf 91' lang='lat' dir='ltr'>ut</span> <span class='ocrx_word' id='word_1_188' title='bbox 387 3320 454 3368; x_wconf 89' lang='lat' dir='ltr'>nos</span> <span class='ocrx_word' id='word_1_189' title='bbox 466 3293 675 3382; x_wconf 79' lang='lat' dir='ltr'>redimeret3</span> <span class='ocrx_word' id='word_1_190' title='bbox 693 3292 919 3382; x_wconf 87' lang='lat' dir='ltr'>humiliatus,</span> <span class='ocrx_word' id='word_1_191' title='bbox 936 3308 977 3366; x_wconf 86' lang='lat' dir='ltr'>ut</span> <span class='ocrx_word' id='word_1_192' title='bbox 988 3318 1054 3367; x_wconf 92' lang='lat' dir='ltr'>nos</span> <span class='ocrx_word' id='word_1_193' title='bbox 1067 3293 1238 3367; x_wconf 88' lang='lat' dir='ltr'>exaltaret</span> <span class='ocrx_word' id='word_1_194' title='bbox 1243 3322 1256 3384; x_wconf 88' lang='lat'>;</span> 
     </span>
    </p>
   </div>
   <div class='ocr_carea' id='block_1_3' title="bbox 191 3408 1368 3511">
    <p class='ocr_par' dir='ltr' id='par_1_3' title="bbox 191 3408 1368 3511">
     <span class='ocr_line' id='line_1_27' title="bbox 191 3408 1368 3511; baseline -0.003 -24"><span class='ocrx_word' id='word_1_195' title='bbox 191 3427 337 3511; x_wconf 86' lang='lat' dir='ltr'>captus,</span> <span class='ocrx_word' id='word_1_196' title='bbox 351 3428 395 3485; x_wconf 90' lang='lat' dir='ltr'>ut</span> <span class='ocrx_word' id='word_1_197' title='bbox 409 3439 475 3486; x_wconf 92' lang='lat' dir='ltr'>nos</span> <span class='ocrx_word' id='word_1_198' title='bbox 491 3411 535 3486; x_wconf 92' lang='lat' dir='ltr'>de</span> <span class='ocrx_word' id='word_1_199' title='bbox 551 3412 755 3510; x_wconf 89' lang='lat' dir='ltr'>captivitate</span> <span class='ocrx_word' id='word_1_200' title='bbox 767 3410 977 3484; x_wconf 84' lang='lat' dir='ltr'>daemonum</span> <span class='ocrx_word' id='word_1_201' title='bbox 990 3408 1165 3499; x_wconf 78' lang='lat' dir='ltr'>auferret3</span> <span class='ocrx_word' id='word_1_202' title='bbox 1179 3438 1259 3510; x_wconf 88' lang='lat' dir='ltr'>spo-</span> <span class='ocrx_word' id='word_1_203' title='bbox 1365 3426 1368 3431; x_wconf 84' lang='lat'>&#39;</span> 
     </span>
    </p>
   </div>
   <div class='ocr_carea' id='block_1_4' title="bbox 190 3527 1259 3863">
    <p class='ocr_par' dir='ltr' id='par_1_4' title="bbox 190 3527 1259 3863">
     <span class='ocr_line' id='line_1_28' title="bbox 191 3527 1257 3628; baseline -0.003 -26"><span class='ocrx_word' id='word_1_204' title='bbox 191 3529 321 3618; x_wconf 85' lang='lat' dir='ltr'>liatus,</span> <span class='ocrx_word' id='word_1_205' title='bbox 339 3546 381 3603; x_wconf 91' lang='lat' dir='ltr'>ut</span> <span class='ocrx_word' id='word_1_206' title='bbox 396 3527 538 3601; x_wconf 89' lang='lat' dir='ltr'>nuditas</span> <span class='ocrx_word' id='word_1_207' title='bbox 554 3529 663 3628; x_wconf 91' lang='lat' dir='ltr'>primi</span> <span class='ocrx_word' id='word_1_208' title='bbox 676 3527 852 3615; x_wconf 91' lang='lat' dir='ltr'>hominis,</span> <span class='ocrx_word' id='word_1_209' title='bbox 872 3553 937 3627; x_wconf 90' lang='lat' dir='ltr'>per</span> <span class='ocrx_word' id='word_1_210' title='bbox 954 3553 1064 3626; x_wconf 89' lang='lat' dir='ltr'>quam</span> <span class='ocrx_word' id='word_1_211' title='bbox 1081 3553 1179 3601; x_wconf 89' lang='lat' dir='ltr'>mors</span> <span class='ocrx_word' id='word_1_212' title='bbox 1196 3529 1257 3600; x_wconf 91' lang='lat' dir='ltr'>in-</span> 
     </span>
     <span class='ocr_line' id='line_1_29' title="bbox 190 3647 1259 3749; baseline -0.001 -28"><span class='ocrx_word' id='word_1_213' title='bbox 190 3673 309 3749; x_wconf 75' lang='lat' dir='ltr'>gressa</span> <span class='ocrx_word' id='word_1_214' title='bbox 332 3661 405 3735; x_wconf 84' lang='lat' dir='ltr'>est,</span> <span class='ocrx_word' id='word_1_215' title='bbox 428 3661 625 3748; x_wconf 75' lang='lat' dir='ltr'>tegeretur,</span> <span class='ocrx_word' id='word_1_216' title='bbox 645 3647 757 3746; x_wconf 91' lang='lat' dir='ltr'>spinis</span> <span class='ocrx_word' id='word_1_217' title='bbox 779 3661 992 3735; x_wconf 89' lang='lat' dir='ltr'>coronatus,</span> <span class='ocrx_word' id='word_1_218' title='bbox 1016 3662 1058 3718; x_wconf 92' lang='lat' dir='ltr'>ut</span> <span class='ocrx_word' id='word_1_219' title='bbox 1079 3647 1197 3745; x_wconf 91' lang='lat' dir='ltr'>spinas</span> <span class='ocrx_word' id='word_1_220' title='bbox 1218 3674 1259 3720; x_wconf 89' lang='lat' dir='ltr'>ac</span> 
     </span>
     <span class='ocr_line' id='line_1_30' title="bbox 192 3760 1259 3863; baseline -0.001 -25"><span class='ocrx_word' id='word_1_221' title='bbox 192 3762 348 3841; x_wconf 86' lang='lat' dir='ltr'>tribulos</span> <span class='ocrx_word' id='word_1_222' title='bbox 370 3766 498 3863; x_wconf 85' lang='lat' dir='ltr'>primae</span> <span class='ocrx_word' id='word_1_223' title='bbox 520 3763 780 3837; x_wconf 90' lang='lat' dir='ltr'>maledictionis</span> <span class='ocrx_word' id='word_1_224' title='bbox 803 3790 821 3833; x_wconf 94' lang='lat' dir='ltr'>a</span> <span class='ocrx_word' id='word_1_225' title='bbox 845 3760 950 3836; x_wconf 89' lang='lat' dir='ltr'>nobis</span> <span class='ocrx_word' id='word_1_226' title='bbox 971 3761 1150 3851; x_wconf 88' lang='lat' dir='ltr'>auferret;</span> <span class='ocrx_word' id='word_1_227' title='bbox 1175 3762 1259 3837; x_wconf 85' lang='lat' dir='ltr'>felle</span> 
     </span>
    </p>
   </div>
   <div class='ocr_carea' id='block_1_5' title="bbox 229 4138 1141 4221">
    <p class='ocr_par' dir='ltr' id='par_1_5' title="bbox 229 4138 1141 4221">
     <span class='ocr_line' id='line_1_31' title="bbox 229 4138 1141 4221; baseline -0.003 -22"><span class='ocrx_word' id='word_1_228' title='bbox 229 4144 269 4215; x_wconf 87' lang='grc' dir='ltr'>(ι)</span> <span class='ocrx_word' id='word_1_229' title='bbox 286 4138 363 4202; x_wconf 84' lang='lat' dir='ltr'>Nous</span> <span class='ocrx_word' id='word_1_230' title='bbox 374 4162 494 4219; x_wconf 61' lang='lat' dir='ltr'>wasone</span> <span class='ocrx_word' id='word_1_231' title='bbox 507 4144 575 4221; x_wconf 86' lang='lat' dir='ltr'>qu’il</span> <span class='ocrx_word' id='word_1_232' title='bbox 586 4145 712 4202; x_wconf 85' lang='lat' dir='ltr'>raudrait</span> <span class='ocrx_word' id='word_1_233' title='bbox 723 4145 817 4203; x_wconf 83' lang='lat' dir='ltr'>mieux</span> <span class='ocrx_word' id='word_1_234' title='bbox 828 4143 880 4217; x_wconf 74' lang='lat' dir='ltr'>lire</span> <span class='ocrx_word' id='word_1_235' title='bbox 892 4145 929 4202; x_wconf 91' lang='lat' dir='ltr'>ici</span> <span class='ocrx_word' id='word_1_236' title='bbox 944 4169 949 4199; x_wconf 91' lang='lat'>:</span> <span class='ocrx_word' id='word_1_237' title='bbox 965 4142 1093 4220; x_wconf 76' lang='lat' dir='ltr'>offimis.</span> <span class='ocrx_word' id='word_1_238' title='bbox 1132 4182 1141 4195; x_wconf 87' lang='lat'><em>.</em></span> 
     </span>
    </p>
   </div>
   <div class='ocr_carea' id='block_1_6' title="bbox 270 4235 1112 4306">
    <p class='ocr_par' dir='ltr' id='par_1_6' title="bbox 270 4235 1112 4306">
     <span class='ocr_line' id='line_1_32' title="bbox 270 4235 1112 4306; baseline 0.001 -2"><span class='ocrx_word' id='word_1_239' title='bbox 270 4260 296 4306; x_wconf 88' lang='lat'>1.</span> <span class='ocrx_word' id='word_1_240' title='bbox 1066 4235 1112 4305; x_wconf 85' lang='lat'>26</span> 
     </span>
    </p>
   </div>
   <div class='ocr_carea' id='block_1_7' title="bbox 0 0 1463 4958">
    <p class='ocr_par' dir='ltr' id='par_1_7' title="bbox 0 0 1463 4958">
     <span class='ocr_line' id='line_1_33' title="bbox 0 0 1463 4958; baseline 0 0"><span class='ocrx_word' id='word_1_241' title='bbox 0 0 1463 4958; x_wconf 95' lang='lat' dir='ltr'> </span> 
     </span>
    </p>
   </div>
  </div>
 </body>
</html>
