2894 4958
186 342 247 407 338
465 341 648 403 HISTORIA
669 341 974 406 ecetesllstlct.

191 467 326 539 invasae
338 463 597 553 restituerunt,
617 461 752 537 tributu
769 462 979 555 solverunt,
996 462 1250 543 firmissimum

189 606 260 683 que
270 579 365 680 pacis
374 594 520 681 pactum
530 576 771 653 stabilierunt.
785 580 954 681 Denique
964 579 1052 670 dux,
1065 597 1251 685 postquam

188 696 383 797 apostolos,
397 695 589 771 manifesto
606 711 738 770 eventu
753 709 958 786 attestante,
969 696 1150 773 veridicos
1166 725 1252 773 com·

187 812 369 914 probavit,
385 813 495 887 iratus
510 808 760 911 pontificibus,
772 813 893 914 ignem
909 813 1099 914 copiosum
1112 815 1251 890 accendi

183 932 310 1031 jussit,
326 931 492 1032 ipsosque
504 956 588 1006 cum
601 928 838 1030 complicibus
847 956 976 1005 eorum
986 931 1026 1005 in
1038 932 1163 1033 ignem
1173 960 1253 1032 prae⁴

188 1049 330 1149 cipiteri
348 1047 532 1149 praecepit.

235 1165 401 1266 Apostoli
424 1179 544 1239 autem
571 1162 765 1239 dominice
782 1165 954 1266 jussionis
975 1191 1159 1243 memores
1176 1167 1250 1242 duci

186 1283 358 1383 prostrati
385 1297 490 1371 sunt,
516 1295 553 1357 et
575 1271 893 1384 'pulveremeuper
908 1299 1017 1385 caput
1032 1311 1142 1359 auum
1158 1312 1251 1388 spar-

188 1416 331 1502 gentes,
358 1425 427 1500 pro
456 1399 612 1474 inimicis
635 1425 683 1475 ne
707 1399 871 1500 perirent
882 1400 1183 1501 ‘supplicaverunt
1190 1431 1201 1490 ;
1219 1418 1251 1476 et

187 1513 406 1591 mirantibus
425 1516 584 1605 cunctis,
608 1514 701 1590 hanc
717 1541 791 1590 este
809 1514 1037 1616 disciplinam
1057 1517 1126 1592 Dei
1144 1519 1249 1593 notri

187 1632 391 1707 luculenter
406 1632 728 1708 annuntiaverunt.

238 1749 399 1825 Tandem
421 1749 644 1825 Waramlach
669 1750 860 1850 imperavit
884 1751 1077 1851 pontifices
1105 1777 1250 1856 compn-

189 1867 279 1958 turi,
303 1882 341 1942 et
355 1893 502 1942 omnem
518 1866 726 1942 facultatem
742 1892 888 1959 eorum,
909 1883 952 1941 ut
971 1869 1147 1970 apostolis
1163 1870 1250 1944 dare·

187 2000 262 2075 tur,
278 1985 428 2087 inquiri.
442 1985 583 2059 Inventi
597 2000 684 2058 sunt
695 2001 816 2061 autem
832 1985 1022 2085 pontifices
1038 1987 1249 2088 templorum

188 2127 273 2194 cxx,
292 2119 329 2177 et
344 2103 588 2205 unusquisque
604 2103 644 2175 in
660 2128 736 2177 uno
750 2129 874 2178 mense
893 2101 938 2178 de
953 2103 1040 2178 fisco
1057 2129 1249 2207 conseque

187 2219 297 2294 batur
312 2247 420 2293 unam
437 2218 568 2293 libram
586 2220 685 2309 auri;
705 2247 864 2294 summus
882 2247 970 2296 vero
984 2222 1154 2322 pontifex
1171 2250 1250 2326 qua·

189 2336 360 2436 druplum
387 2339 426 2411 in
449 2363 540 2412 auro
565 2336 828 2437 adipiscebatur
843 2328 1118 2440 -quam'creteri
1145 2342 1248 2413 Tanta

187 2468 265 2526 erat
283 2452 432 2527 facultas
453 2479 579 2527 eornm
592 2455 632 2526 in
647 2479 737 2528 auro
755 2469 792 2528 et
806 2469 975 2554 argento,
993 2455 1032 2528 in
1047 2456 1208 2530 vestibus
1222 2470 1249 2531 et

185 2570 382 2671 jumentis,
401 2585 444 2642 ut
459 2569 682 2646 dinumerari
702 2597 779 2646 non
794 2588 928 2671 posset.
947 2571 1065 2667 Quom
1085 2572 1162 2647 dux
1178 2599 1250 2675 apo

190 2687 291 2764 stolis
306 2684 462 2782 obtulit,
477 2687 539 2762 sed
551 2689 617 2788 ipsi
632 2688 777 2788 penitus
789 2704 1027 2789 respuerunt,
1046 2691 1165 2766 immo
1178 2689 1250 2766 indi·

189 2802 356 2905 gentibus
373 2806 511 2905 erogari
524 2809 719 2904 jusserunt.

237 2923 401 3023 Denique
419 2920 510 2995 duce
525 2923 599 3022 regi
621 2924 736 2996 Xerxi
757 2938 905 2997 eventus
921 2950 1003 2998 suos
1020 2939 1058 2998 et
1073 2925 1251 3025 apostolo·

189 3066 273 3113 rum
298 3040 478 3138 praeconia
502 3039 772 3140 magnificante,
796 3042 927 3116 zaroes
950 3059 987 3115 et
1008 3041 1180 3132 Arsarat,
1198 3042 1250 3143 qui

191 3172 295 3230 crant
312 3183 395 3230 cum
411 3181 511 3255 rege,
528 3155 698 3254 apostolis
715 3173 909 3256 coeperunt
924 3157 1116 3257 derogare,
1135 3176 1175 3234 ct
1190 3184 1254 3233 om·

191 3298 256 3347 nes
283 3289 410 3347 contra
435 3297 515 3361 eos,
541 3273 608 3345 nisi
638 3273 722 3346 deos
748 3300 876 3347 eorum
899 3273 1113 3366 adorarent,
1142 3275 1252 3352 conrti

192 3403 278 3461 sunt
304 3413 544 3463 commovere.
574 3388 655 3462 Dux
681 3405 801 3463 autem
827 3415 897 3489 pro
921 3387 1095 3489 apostolis
1122 3417 1256 3494 semper

193 3504 286 3581 bene
298 3505 440 3580 locutus
454 3521 519 3580 est.
535 3506 699 3582 Tandem
715 3509 753 3581 in
766 3510 957 3607 praesentia
968 3511 1061 3610 regis
1074 3510 1256 3586 altercatio

193 3637 324 3694 statuta
336 3639 401 3696 est.
416 3621 579 3724 Cumque
592 3627 687 3725 magi
702 3624 818 3725 palam
833 3625 973 3698 cunctis
992 3626 1106 3700 locuti
1124 3643 1254 3715 essent,

195 3740 312 3812 omnis
327 3738 512 3814 advocatio
523 3755 623 3813 mutu
637 3740 729 3813 facta
745 3758 816 3831 est,
835 3743 934 3816 etsie
947 3745 1105 3842 spatium
1119 3745 1257 3819 tranaiit

194 3853 270 3928 fere
286 3854 392 3928 unius
408 3852 509 3931 horae
532 3873 573 3930 ut
592 3855 714 3929 nullus
731 3883 774 3931 ex
789 3857 857 3945 eis,
880 3859 943 3958 qui
958 3856 1097 3965 dudum
1114 3859 1255 3935 clamori

196 3987 233 4044 et
259 3972 466 4072 eloquentes
492 3975 699 4064 extiterint,
728 3975 877 4076 aliquid.
894 3991 1014 4076 posset
1042 3977 1255 4076 exprimere.

195 4086 331 4162 Deinde
343 4088 442 4187 loqui
457 4116 476 4162 a
491 4091 601 4189 magis
615 4076 894 4191 permiserunt,
909 4090 974 4166 red.
984 4091 1171 4169 ambulare
1186 4119 1256 4168 non
