2916 4958
193 401 254 465 310
467 397 652 464 HISTORIA
673 395 979 462 Eectffilsstlcs.

191 517 272 596 Dei.
294 516 400 597 desit.
429 515 571 609 Quibus
604 516 656 593 sit
688 547 697 593 s
732 517 893 592 Veniam
922 516 978 590 ad
1002 543 1070 590 vos
1100 521 1257 617 sequani

192 649 317 729 noete,
346 649 381 706 et
402 631 549 734 plenius
572 628 640 713 vos
666 635 864 722 innuens,
889 633 1123 735 proficiscar.
1142 633 1259 736 lgitur

188 754 293 851 Juxta
320 750 538 853 promissum
562 775 669 829 suum
697 750 814 838 venit,
844 750 889 825 ds
915 748 1087 826 omnibus
1115 764 1260 825 eterne

129 902 134 922 =
192 868 276 945 vite
292 866 474 968 mysteriis
496 865 621 948 ambos
642 865 834 967 diligenter
854 867 1047 956 instruxit,
1072 881 1111 941 et
1127 863 1262 966 baptis·

192 985 298 1080 matis
311 1010 372 1064 eos
387 983 483 1063 unda
494 982 743 1061 sanetificavit.
758 986 822 1061 llis
839 986 958 1086 imque
974 985 1149 1084 peractis,
1169 983 1264 1058 nnsi-

192 1104 310 1203 gavit,
329 1119 366 1179 et
377 1117 461 1202 post
475 1100 624 1202 aliquod
642 1116 782 1201 tempus
799 1127 915 1180 unum
929 1128 973 1177 ex
988 1100 1174 1201 discipulis
1194 1100 1264 1174 suis

194 1218 312 1310 misit,
331 1243 440 1318 quem
460 1215 714 1317 presbyterum
730 1216 901 1295 ordinans
923 1219 973 1292 im
995 1217 1206 1306 constituit,
1223 1230 1265 1289 ut

195 1337 235 1409 in
258 1333 380 1410 eadem
400 1334 544 1414 civitate
565 1335 777 1414 consisteret
797 1351 834 1408 et
850 1334 1031 1409 eeclesiam
1056 1334 1262 1421 ordinaret,

195 1452 235 1527 in
257 1477 329 1550 qua
350 1449 486 1527 multus
503 1450 587 1551 ⁴Deo
610 1449 766 1550 populus
785 1465 839 1530 est
859 1451 1067 1551 acquisitus.
1092 1447 1148 1523 lbi
1171 1447 1266 1525 sedes

194 1581 249 1640 est
264 1565 419 1645 Thomae
438 1565 614 1666 apostoli,
632 1566 792 1667 fidesque
811 1565 988 1642 ostholiea
1007 1567 1179 1668 usquein
1198 1565 1266 1640 ho-

195 1681 364 1763 diernum
379 1680 490 1761 diem.
505 1683 701 1783 Dionysius
717 1698 838 1759 autem
856 1683 1043 1783 episeopus
1060 1682 1177 1756 laetus
1192 1697 1265 1771 est,

195 1826 436 1901 sponsamque
462 1826 562 1878 susm
584 1826 686 1879 sacro
712 1800 889 1878 velamine
916 1801 1160 1890 consecravit,
1186 1823 1267 1901 quae

196 1934 279 2019 post
304 1915 449 1996 obitum
473 1920 548 2016 ejus
574 1915 708 2016 duplex
734 1918 951 2020 martyrium
977 1917 1154 2018 pertulit,
1185 1916 1268 2017 quis

195 2037 316 2112 virum
331 2032 461 2109 habere
471 2036 710 2134 contempsit,
727 2061 796 2110 nee
813 2034 916 2109 idolis
928 2033 1127 2109 sserificsre
1137 2032 1266 2111 votuit

195 2156 238 2233 ln
257 2152 389 2229 Christi
407 2179 494 2254 ergo
511 2150 736 2231 confessione
749 2151 922 2228 decollate
941 2168 1014 2242 est,
1033 2167 1070 2226 et
1088 2176 1198 2250 super
1213 2165 1269 2227 tu·

197 2270 341 2342 mulum
363 2272 438 2368 ejus
465 2269 592 2369 graeeit
614 2267 841 2345 sermonibus
870 2286 906 2344 et
930 2268 1061 2343 litteris
1083 2269 1133 2342 its
1158 2267 1268 2366 scrip

198 2399 279 2462 tum
303 2398 357 2461 est
387 2413 396 2455 :
422 2386 461 2457 lr
489 2409 562 2461 soe
588 2409 680 2464 eoeo
706 2410 918 2474 nequissem
946 2411 1077 2460 sronss
1103 2384 1269 2464 Dionrsn

199 2525 358 2580 misceri
375 2525 422 2575 sn
441 2525 535 2583 riou
556 2503 697 2580 Thone
715 2527 904 2578 srosroer.

249 2615 342 2691 cum
360 2615 542 2693 venissent
557 2617 781 2717 Hierapolim
803 2619 842 2695 in
863 2617 967 2693 >Indis
983 2618 1168 2695 civitatem
1178 2670 1191 2708 ,
1214 2615 1273 2689 in·

199 2757 338 2833 gressus
367 2730 533 2809 Abhnnes
564 2733 609 2806 ad
638 2731 893 2811 Gundnfornm
919 2761 1061 2836 regem,
1092 2733 1273 2808 nuntiavit

124 2940 130 2951 ,
201 2848 381 2929 Thomam
394 2850 511 2924 adesse
523 2851 784 2951 penitissimum
799 2851 989 2930 artificem.
1003 2853 1081 2926 Rex
1092 2867 1215 2926 sutem
1231 2849 1273 2929 de

199 2965 411 3041 fabricando
425 2967 558 3066 palatio
575 2993 659 3046 eum
674 2993 718 3042 eo
736 2969 923 3058 tractavit,
941 2984 978 3044 st
996 2967 1139 3042 edificii
1154 2969 1274 3042 losum

202 3085 254 3159 illi
273 3084 444 3157 ostendit.
470 3083 627 3161 Thomas
643 3100 765 3163 sutem
781 3085 996 3162 arundinem
1016 3084 1273 3186 apprehendit,

202 3219 239 3276 et
255 3201 438 3277 metiendo
453 3201 545 3277 dixit
563 3233 572 3275 ε
591 3204 693 3280 Eece
702 3205 847 3304 januas
861 3203 923 3277 hie
940 3201 1160 3306 disponam,
1178 3219 1213 3275 et
1226 3199 1278 3277 ad

202 3339 319 3394 ortum
347 3320 436 3394 solis
466 3323 702 3420 ingressum:
723 3323 849 3423 primo
867 3322 1070 3426 proaulam
1077 3379 1091 3412 ,
1114 3318 1276 3394 seeundo

201 3438 480 3530 salutatorium,
497 3444 536 3514 in
553 3441 656 3516 letio
672 3441 944 3531 consistorium,
962 3444 1001 3512 in
1016 3455 1149 3539 quarto
1168 3440 1276 3511 tn'co-

203 3559 315 3647 riom,
336 3556 375 3627 in
393 3557 520 3655 quinto
537 3572 636 3631 zetas
656 3556 862 3656 hyemales,
882 3560 920 3630 in
937 3573 1042 3631 serto
1058 3574 1160 3631 setas
1176 3557 1275 3632 msti-

203 3671 319 3761 vales,
343 3674 382 3749 t'n
401 3674 554 3773 septimo
578 3674 864 3774 epicauston'um
887 3689 923 3744 et
944 3673 1107 3747 triclinia
1129 3669 1275 3745 aceubi-

204 3790 318 3880 talia,
352 3792 391 3862 in
421 3805 548 3866 octavo
577 3790 758 3881 thermas,
790 3793 830 3865 in
857 3819 955 3866 nono
980 3793 1208 3891 gymnasia,
1241 3791 1277 3860 in

203 3904 343 3979 decimo
356 3909 572 4006 coquinam,
592 3909 631 3979 in
646 3908 836 3983 undecimo
853 3908 1036 4010 colymbos
1048 3925 1082 3982 et
1097 3931 1277 4008 aquarum

205 4021 308 4095 lacos
333 4021 540 4121 irstoentes,
566 4027 604 4097 in
627 4025 846 4103 duodecimo
870 4025 1134 4130 hypodromum
1158 4041 1192 4098 et
1212 4047 1282 4127 per
