<?xml version="1.0" encoding="UTF-8"?>
<!DOCTYPE html PUBLIC "-//W3C//DTD XHTML 1.0 Transitional//EN"
    "http://www.w3.org/TR/xhtml1/DTD/xhtml1-transitional.dtd">
<html xmlns="http://www.w3.org/1999/xhtml" xml:lang="en" lang="en">
 <head>
  <title>
</title>
<meta http-equiv="Content-Type" content="text/html;charset=utf-8" />
  <meta name='ocr-system' content='tesseract 3.04.00' />
  <meta name='ocr-capabilities' content='ocr_page ocr_carea ocr_par ocr_line ocrx_word'/>
</head>
<body>
  <div class='ocr_page' id='page_1' title='image "./ordericivitalis02deligoog/ordericivitalis02deligoog_0257.png"; bbox 0 0 2894 4958; ppageno 0'>
   <div class='ocr_carea' id='block_1_1' title="bbox 196 473 1265 1036">
    <p class='ocr_par' dir='ltr' id='par_1_1' title="bbox 200 473 986 538">
     <span class='ocr_line' id='line_1_1' title="bbox 200 473 986 538; baseline 0.003 -2"><span class='ocrx_word' id='word_1_1' title='bbox 200 473 261 537; x_wconf 77' lang='lat' dir='ltr'><strong>tlt</strong></span> <span class='ocrx_word' id='word_1_2' title='bbox 477 473 660 535; x_wconf 72' lang='lat' dir='ltr'>HISTORIA</span> <span class='ocrx_word' id='word_1_3' title='bbox 682 473 986 538; x_wconf 67' lang='lat' dir='ltr'><strong>Ecctffillstlct.</strong></span> 
     </span>
    </p>

    <p class='ocr_par' dir='ltr' id='par_1_2' title="bbox 196 591 1265 1036">
     <span class='ocr_line' id='line_1_2' title="bbox 202 591 1264 697; baseline 0.005 -33"><span class='ocrx_word' id='word_1_4' title='bbox 202 591 312 668; x_wconf 88' lang='lat' dir='ltr'><strong>tionis</strong></span> <span class='ocrx_word' id='word_1_5' title='bbox 340 592 441 692; x_wconf 81' lang='lat' dir='ltr'><strong>prius</strong></span> <span class='ocrx_word' id='word_1_6' title='bbox 470 591 508 665; x_wconf 89' lang='lat' dir='ltr'><strong>in</strong></span> <span class='ocrx_word' id='word_1_7' title='bbox 538 591 740 682; x_wconf 78' lang='lat' dir='ltr'><strong>ludaismo,</strong></span> <span class='ocrx_word' id='word_1_8' title='bbox 765 609 803 668; x_wconf 86' lang='lat' dir='ltr'><strong>et</strong></span> <span class='ocrx_word' id='word_1_9' title='bbox 826 593 1060 694; x_wconf 85' lang='lat' dir='ltr'><strong>postmodnm</strong></span> <span class='ocrx_word' id='word_1_10' title='bbox 1088 596 1128 669; x_wconf 88' lang='lat' dir='ltr'><strong>in&#39;</strong></span> <span class='ocrx_word' id='word_1_11' title='bbox 1154 596 1264 697; x_wconf 75' lang='lat' dir='ltr'><strong>gratis</strong></span> 
     </span>
     <span class='ocr_line' id='line_1_3' title="bbox 199 707 1265 809; baseline 0.004 -26"><span class='ocrx_word' id='word_1_12' title='bbox 199 707 333 784; x_wconf 85' lang='lat' dir='ltr'>Christi</span> <span class='ocrx_word' id='word_1_13' title='bbox 358 709 538 784; x_wconf 80' lang='lat' dir='ltr'><strong>rationem</strong></span> <span class='ocrx_word' id='word_1_14' title='bbox 559 710 697 809; x_wconf 85' lang='lat' dir='ltr'><strong>optime</strong></span> <span class='ocrx_word' id='word_1_15' title='bbox 717 709 887 785; x_wconf 75' lang='lat' dir='ltr'><strong>reddidit.</strong></span> <span class='ocrx_word' id='word_1_16' title='bbox 910 712 1120 789; x_wconf 81' lang='lat' dir='ltr'><strong>Admodum</strong></span> <span class='ocrx_word' id='word_1_17' title='bbox 1133 712 1203 789; x_wconf 87' lang='lat' dir='ltr'><strong>illo</strong></span> <span class='ocrx_word' id='word_1_18' title='bbox 1216 739 1265 787; x_wconf 76' lang='lat' dir='ltr'><strong>ss·</strong></span> 
     </span>
     <span class='ocr_line' id='line_1_4' title="bbox 197 826 1265 931; baseline 0.004 -29"><span class='ocrx_word' id='word_1_19' title='bbox 197 829 338 926; x_wconf 80' lang='lat' dir='ltr'><strong>pientes</strong></span> <span class='ocrx_word' id='word_1_20' title='bbox 358 829 551 929; x_wconf 83' lang='lat' dir='ltr'><strong>loquente,</strong></span> <span class='ocrx_word' id='word_1_21' title='bbox 573 827 688 901; x_wconf 83' lang='lat' dir='ltr'><strong>Judaei</strong></span> <span class='ocrx_word' id='word_1_22' title='bbox 706 828 780 902; x_wconf 81' lang='lat' dir='ltr'><strong>vim</strong></span> <span class='ocrx_word' id='word_1_23' title='bbox 801 826 999 905; x_wconf 73' lang='lat' dir='ltr'><strong>verborum</strong></span> <span class='ocrx_word' id='word_1_24' title='bbox 1018 833 1095 931; x_wconf 83' lang='lat' dir='ltr'><strong>ejus</strong></span> <span class='ocrx_word' id='word_1_25' title='bbox 1115 857 1197 906; x_wconf 89' lang='lat' dir='ltr'><strong>non</strong></span> <span class='ocrx_word' id='word_1_26' title='bbox 1212 829 1265 906; x_wconf 84' lang='lat' dir='ltr'><strong>fe·</strong></span> 
     </span>
     <span class='ocr_line' id='line_1_5' title="bbox 196 936 1265 1036; baseline 0.002 -15"><span class='ocrx_word' id='word_1_27' title='bbox 196 936 330 1036; x_wconf 80' lang='lat' dir='ltr'><strong>rentes,</strong></span> <span class='ocrx_word' id='word_1_28' title='bbox 344 945 530 1021; x_wconf 75' lang='lat' dir='ltr'><strong>vociferati</strong></span> <span class='ocrx_word' id='word_1_29' title='bbox 542 960 641 1032; x_wconf 85' lang='lat' dir='ltr'><strong>sunt,</strong></span> <span class='ocrx_word' id='word_1_30' title='bbox 654 959 692 1019; x_wconf 91' lang='lat' dir='ltr'><strong>et</strong></span> <span class='ocrx_word' id='word_1_31' title='bbox 702 944 864 1021; x_wconf 82' lang='lat' dir='ltr'><strong>furentes</strong></span> <span class='ocrx_word' id='word_1_32' title='bbox 876 947 1145 1023; x_wconf 74' lang='lat' dir='ltr'><strong>clamavesunt:</strong></span> <span class='ocrx_word' id='word_1_33' title='bbox 1162 947 1265 1023; x_wconf 75' lang='lat' dir='ltr'><strong>Tolle</strong></span> 
     </span>
    </p>
   </div>
   <div class='ocr_carea' id='block_1_2' title="bbox 80 1062 1264 1165">
    <p class='ocr_par' dir='ltr' id='par_1_3' title="bbox 80 1062 1264 1165">
     <span class='ocr_line' id='line_1_6' title="bbox 80 1062 1264 1165; baseline 0.003 -28"><span class='ocrx_word' id='word_1_34' title='bbox 80 1118 83 1128; x_wconf 82' lang='grc'><em>.</em></span> <span class='ocrx_word' id='word_1_35' title='bbox 196 1064 246 1138; x_wconf 77' lang='lat' dir='ltr'><strong>de</strong></span> <span class='ocrx_word' id='word_1_36' title='bbox 260 1082 356 1140; x_wconf 80' lang='lat' dir='ltr'><strong>terra</strong></span> <span class='ocrx_word' id='word_1_37' title='bbox 371 1064 570 1165; x_wconf 63' lang='lat' dir='ltr'><strong>ejusmodt·</strong></span> <span class='ocrx_word' id='word_1_38' title='bbox 590 1091 664 1137; x_wconf 88' lang='lat' dir='ltr'><strong>non</strong></span> <span class='ocrx_word' id='word_1_39' title='bbox 677 1062 846 1163; x_wconf 82' lang='lat' dir='ltr'><strong>enimfas</strong></span> <span class='ocrx_word' id='word_1_40' title='bbox 861 1082 1013 1140; x_wconf 74' lang='lat' dir='ltr'><strong>osteum</strong></span> <span class='ocrx_word' id='word_1_41' title='bbox 1029 1068 1161 1142; x_wconf 75' lang='lat' dir='ltr'><strong>vivom.</strong></span> <span class='ocrx_word' id='word_1_42' title='bbox 1181 1066 1264 1141; x_wconf 85' lang='lat' dir='ltr'><strong>Tri·</strong></span> 
     </span>
    </p>
   </div>
   <div class='ocr_carea' id='block_1_3' title="bbox 192 1177 1315 1980">
    <p class='ocr_par' dir='ltr' id='par_1_4' title="bbox 192 1177 1315 1863">
     <span class='ocr_line' id='line_1_7' title="bbox 198 1177 1263 1281; baseline 0.003 -29"><span class='ocrx_word' id='word_1_43' title='bbox 198 1177 317 1253; x_wconf 88' lang='lat' dir='ltr'><strong>hunus</strong></span> <span class='ocrx_word' id='word_1_44' title='bbox 345 1204 432 1280; x_wconf 82' lang='lat' dir='ltr'><strong>ergo</strong></span> <span class='ocrx_word' id='word_1_45' title='bbox 453 1179 561 1278; x_wconf 87' lang='lat' dir='ltr'><strong>jussit</strong></span> <span class='ocrx_word' id='word_1_46' title='bbox 586 1205 669 1253; x_wconf 86' lang='lat' dir='ltr'><strong>eum</strong></span> <span class='ocrx_word' id='word_1_47' title='bbox 696 1179 735 1251; x_wconf 92' lang='lat' dir='ltr'><strong>in</strong></span> <span class='ocrx_word' id='word_1_48' title='bbox 761 1194 872 1253; x_wconf 80' lang='lat' dir='ltr'><strong>castm</strong></span> <span class='ocrx_word' id='word_1_49' title='bbox 896 1177 1018 1254; x_wconf 86' lang='lat' dir='ltr'><strong>induci</strong></span> <span class='ocrx_word' id='word_1_50' title='bbox 1047 1196 1087 1255; x_wconf 87' lang='lat' dir='ltr'><strong>et</strong></span> <span class='ocrx_word' id='word_1_51' title='bbox 1115 1179 1263 1281; x_wconf 74' lang='lat' dir='ltr'><strong>flagellis</strong></span> 
     </span>
     <span class='ocr_line' id='line_1_8' title="bbox 196 1295 1315 1398; baseline 0.003 -29"><span class='ocrx_word' id='word_1_52' title='bbox 196 1296 286 1385; x_wconf 81' lang='lat' dir='ltr'><strong>cae&#39;di</strong></span> <span class='ocrx_word' id='word_1_53' title='bbox 309 1311 417 1398; x_wconf 75' lang='lat' dir='ltr'><strong>utque</strong></span> <span class='ocrx_word' id='word_1_54' title='bbox 432 1297 610 1397; x_wconf 77' lang='lat' dir='ltr'><strong>wiqueri.</strong></span> <span class='ocrx_word' id='word_1_55' title='bbox 636 1297 742 1371; x_wconf 73' lang='lat' dir='ltr'><strong>Tum</strong></span> <span class='ocrx_word' id='word_1_56' title='bbox 760 1297 891 1372; x_wconf 73' lang='lat' dir='ltr'><strong>Paulus</strong></span> <span class='ocrx_word' id='word_1_57' title='bbox 906 1295 1124 1373; x_wconf 66' lang='lat' dir='ltr'><strong>nstanti&#39;sibi</strong></span> <span class='ocrx_word' id='word_1_58' title='bbox 1140 1312 1263 1373; x_wconf 86' lang='lat' dir='ltr'><strong>oentu·</strong></span> <span class='ocrx_word' id='word_1_59' title='bbox 1310 1374 1315 1385; x_wconf 58' lang='grc'>,</span> 
     </span>
     <span class='ocr_line' id='line_1_9' title="bbox 194 1413 1261 1504; baseline 0.004 -19"><span class='ocrx_word' id='word_1_60' title='bbox 194 1414 291 1489; x_wconf 76' lang='lat' dir='ltr'><strong>sioni</strong></span> <span class='ocrx_word' id='word_1_61' title='bbox 318 1413 404 1486; x_wconf 81' lang='lat' dir='ltr'><strong>nit:</strong></span> <span class='ocrx_word' id='word_1_62' title='bbox 436 1415 479 1486; x_wconf 80' lang='lat' dir='ltr'><strong>Si</strong></span> <span class='ocrx_word' id='word_1_63' title='bbox 502 1413 683 1487; x_wconf 65' lang='lat' dir='ltr'><strong>homnem</strong></span> <span class='ocrx_word' id='word_1_64' title='bbox 711 1418 924 1504; x_wconf 73' lang='lat' dir='ltr'><strong>mesanum,</strong></span> <span class='ocrx_word' id='word_1_65' title='bbox 952 1432 988 1488; x_wconf 80' lang='lat' dir='ltr'><strong>et</strong></span> <span class='ocrx_word' id='word_1_66' title='bbox 1013 1414 1261 1490; x_wconf 66' lang='lat' dir='ltr'><strong>indemnatum</strong></span> 
     </span>
     <span class='ocr_line' id='line_1_10' title="bbox 194 1528 1262 1633; baseline 0.006 -31"><span class='ocrx_word' id='word_1_67' title='bbox 194 1530 279 1604; x_wconf 74' lang='lat' dir='ltr'><strong>licet</strong></span> <span class='ocrx_word' id='word_1_68' title='bbox 289 1529 627 1630; x_wconf 68' lang='lat' dir='ltr'><strong>uobtsstag&#39;ellam&#39;?</strong></span> <span class='ocrx_word' id='word_1_69' title='bbox 642 1528 830 1605; x_wconf 76' lang='lat' dir='ltr'><strong>Tribunus</strong></span> <span class='ocrx_word' id='word_1_70' title='bbox 846 1531 966 1632; x_wconf 76' lang='lat' dir='ltr'><strong>itaque</strong></span> <span class='ocrx_word' id='word_1_71' title='bbox 975 1549 1176 1633; x_wconf 76' lang='lat' dir='ltr'><strong>‘postqtnm</strong></span> <span class='ocrx_word' id='word_1_72' title='bbox 1190 1534 1262 1608; x_wconf 62' lang='lat' dir='ltr'><strong>rmss</strong></span> 
     </span>
     <span class='ocr_line' id='line_1_11' title="bbox 192 1645 1262 1748; baseline 0.005 -30"><span class='ocrx_word' id='word_1_73' title='bbox 192 1645 280 1720; x_wconf 85' lang='lat' dir='ltr'><strong>civit</strong></span> <span class='ocrx_word' id='word_1_74' title='bbox 307 1645 391 1747; x_wconf 82' lang='lat' dir='ltr'><strong>qnia</strong></span> <span class='ocrx_word' id='word_1_75' title='bbox 423 1645 510 1719; x_wconf 82' lang='lat' dir='ltr'><strong>civis</strong></span> <span class='ocrx_word' id='word_1_76' title='bbox 538 1671 709 1720; x_wconf 80' lang='lat' dir='ltr'><strong>romanus</strong></span> <span class='ocrx_word' id='word_1_77' title='bbox 740 1654 832 1722; x_wconf 74' lang='lat' dir='ltr'><strong>esset</strong></span> <span class='ocrx_word' id='word_1_78' title='bbox 844 1699 856 1736; x_wconf 95' lang='lat'><strong>,</strong></span> <span class='ocrx_word' id='word_1_79' title='bbox 892 1648 1016 1721; x_wconf 82' lang='lat' dir='ltr'><strong>timuit</strong></span> <span class='ocrx_word' id='word_1_80' title='bbox 1048 1648 1152 1748; x_wconf 85' lang='lat' dir='ltr'><strong>quod</strong></span> <span class='ocrx_word' id='word_1_81' title='bbox 1182 1674 1262 1723; x_wconf 83' lang='lat' dir='ltr'><strong>enm</strong></span> 
     </span>
     <span class='ocr_line' id='line_1_12' title="bbox 192 1762 422 1863; baseline 0 -28"><span class='ocrx_word' id='word_1_82' title='bbox 192 1762 335 1863; x_wconf 74' lang='lat' dir='ltr'><strong>ligasset</strong></span> <span class='ocrx_word' id='word_1_83' title='bbox 349 1764 422 1863; x_wconf 88' lang='lat'><em>(1).</em></span> 
     </span>
    </p>

    <p class='ocr_par' dir='ltr' id='par_1_5' title="bbox 202 1878 1261 1980">
     <span class='ocr_line' id='line_1_13' title="bbox 202 1878 1261 1980; baseline 0 -27"><span class='ocrx_word' id='word_1_84' title='bbox 202 1938 206 1945; x_wconf 92' lang='lat'>.</span> <span class='ocrx_word' id='word_1_85' title='bbox 240 1880 386 1953; x_wconf 76' lang='lat' dir='ltr'><strong>Postera</strong></span> <span class='ocrx_word' id='word_1_86' title='bbox 403 1878 462 1954; x_wconf 87' lang='lat' dir='ltr'><strong>die</strong></span> <span class='ocrx_word' id='word_1_87' title='bbox 480 1878 612 1953; x_wconf 83' lang='lat' dir='ltr'><strong>Paulus&#39;</strong></span> <span class='ocrx_word' id='word_1_88' title='bbox 634 1880 672 1953; x_wconf 93' lang='lat' dir='ltr'><strong>in</strong></span> <span class='ocrx_word' id='word_1_89' title='bbox 695 1878 892 1954; x_wconf 82' lang='lat' dir='ltr'><strong>concilium</strong></span> <span class='ocrx_word' id='word_1_90' title='bbox 911 1880 1110 1980; x_wconf 80' lang='lat' dir='ltr'><strong>pmduntue</strong></span> <span class='ocrx_word' id='word_1_91' title='bbox 1130 1897 1208 1975; x_wconf 83' lang='lat' dir='ltr'><strong>est,</strong></span> <span class='ocrx_word' id='word_1_92' title='bbox 1226 1896 1261 1958; x_wconf 84' lang='lat' dir='ltr'><strong>et</strong></span> 
     </span>
    </p>
   </div>
   <div class='ocr_carea' id='block_1_4' title="bbox 187 1993 1262 2449">
    <p class='ocr_par' dir='ltr' id='par_1_6' title="bbox 187 1993 1262 2449">
     <span class='ocr_line' id='line_1_14' title="bbox 191 1993 1262 2095; baseline 0.005 -27"><span class='ocrx_word' id='word_1_93' title='bbox 191 2012 288 2069; x_wconf 78' lang='lat' dir='ltr'><strong>stans</strong></span> <span class='ocrx_word' id='word_1_94' title='bbox 309 1996 347 2070; x_wconf 91' lang='lat' dir='ltr'><strong>in</strong></span> <span class='ocrx_word' id='word_1_95' title='bbox 367 1994 488 2070; x_wconf 86' lang='lat' dir='ltr'><strong>medio</strong></span> <span class='ocrx_word' id='word_1_96' title='bbox 506 1993 772 2071; x_wconf 75' lang='lat' dir='ltr'><strong>rationabiliter</strong></span> <span class='ocrx_word' id='word_1_97' title='bbox 786 2022 855 2095; x_wconf 89' lang='lat' dir='ltr'><strong>pro</strong></span> <span class='ocrx_word' id='word_1_98' title='bbox 872 2022 910 2071; x_wconf 86' lang='lat' dir='ltr'><strong>se</strong></span> <span class='ocrx_word' id='word_1_99' title='bbox 925 1996 1069 2073; x_wconf 76' lang='lat' dir='ltr'><strong>locutus</strong></span> <span class='ocrx_word' id='word_1_100' title='bbox 1084 2013 1154 2072; x_wconf 85' lang='lat' dir='ltr'><strong>est.</strong></span> <span class='ocrx_word' id='word_1_101' title='bbox 1170 1999 1262 2073; x_wconf 77' lang='lat' dir='ltr'><strong>Ane-</strong></span> 
     </span>
     <span class='ocr_line' id='line_1_15' title="bbox 190 2111 1261 2213; baseline 0.002 -28"><span class='ocrx_word' id='word_1_102' title='bbox 190 2113 270 2185; x_wconf 85' lang='lat' dir='ltr'><strong>nies</strong></span> <span class='ocrx_word' id='word_1_103' title='bbox 294 2127 415 2187; x_wconf 82' lang='lat' dir='ltr'><strong>nutem</strong></span> <span class='ocrx_word' id='word_1_104' title='bbox 439 2112 607 2212; x_wconf 84' lang='lat' dir='ltr'><strong>princeps</strong></span> <span class='ocrx_word' id='word_1_105' title='bbox 628 2111 853 2187; x_wconf 79' lang='lat' dir='ltr'><strong>suueudotum</strong></span> <span class='ocrx_word' id='word_1_106' title='bbox 874 2114 1048 2213; x_wconf 77' lang='lat' dir='ltr'><strong>pnaecepit</strong></span> <span class='ocrx_word' id='word_1_107' title='bbox 1063 2113 1261 2189; x_wconf 76' lang='lat' dir='ltr'><strong>astantibus</strong></span> 
     </span>
     <span class='ocr_line' id='line_1_16' title="bbox 187 2226 1258 2329; baseline 0.004 -28"><span class='ocrx_word' id='word_1_108' title='bbox 187 2226 279 2320; x_wconf 82' lang='lat' dir='ltr'><strong>sibi,</strong></span> <span class='ocrx_word' id='word_1_109' title='bbox 300 2243 491 2329; x_wconf 81' lang='lat' dir='ltr'><strong>percutere</strong></span> <span class='ocrx_word' id='word_1_110' title='bbox 512 2254 554 2305; x_wconf 86' lang='lat' dir='ltr'><strong>os</strong></span> <span class='ocrx_word' id='word_1_111' title='bbox 574 2233 662 2328; x_wconf 73' lang='lat' dir='ltr'><strong>q&#39;us.</strong></span> <span class='ocrx_word' id='word_1_112' title='bbox 686 2231 793 2305; x_wconf 79' lang='lat' dir='ltr'><strong>Tunc</strong></span> <span class='ocrx_word' id='word_1_113' title='bbox 813 2229 944 2302; x_wconf 77' lang='lat' dir='ltr'><strong>Paulus</strong></span> <span class='ocrx_word' id='word_1_114' title='bbox 966 2228 1010 2304; x_wconf 83' lang='lat' dir='ltr'><strong>ed</strong></span> <span class='ocrx_word' id='word_1_115' title='bbox 1035 2255 1118 2304; x_wconf 87' lang='lat' dir='ltr'><strong>eum</strong></span> <span class='ocrx_word' id='word_1_116' title='bbox 1143 2230 1258 2305; x_wconf 70' lang='lat' dir='ltr'><strong>disits</strong></span> 
     </span>
     <span class='ocr_line' id='line_1_17' title="bbox 189 2344 1260 2449; baseline 0.006 -33"><span class='ocrx_word' id='word_1_117' title='bbox 189 2345 376 2419; x_wconf 82' lang='lat' dir='ltr'><strong>Percutiet</strong></span> <span class='ocrx_word' id='word_1_118' title='bbox 392 2361 426 2418; x_wconf 83' lang='lat' dir='ltr'><strong>te</strong></span> <span class='ocrx_word' id='word_1_119' title='bbox 443 2345 651 2437; x_wconf 84' lang='lat' dir='ltr'><strong>Dominus,</strong></span> <span class='ocrx_word' id='word_1_120' title='bbox 660 2347 790 2449; x_wconf 78' lang='lat' dir='ltr'><strong>paries</strong></span> <span class='ocrx_word' id='word_1_121' title='bbox 809 2344 999 2434; x_wconf 84' lang='lat' dir='ltr'><strong>dealbate,·</strong></span> <span class='ocrx_word' id='word_1_122' title='bbox 1014 2363 1050 2421; x_wconf 82' lang='lat' dir='ltr'><strong>et</strong></span> <span class='ocrx_word' id='word_1_123' title='bbox 1066 2363 1112 2421; x_wconf 79' lang='lat' dir='ltr'><strong>tu</strong></span> <span class='ocrx_word' id='word_1_124' title='bbox 1131 2347 1260 2422; x_wconf 73' lang='lat' dir='ltr'><strong>sedetis</strong></span> 
     </span>
    </p>
   </div>
   <div class='ocr_carea' id='block_1_5' title="bbox 182 2461 1260 2684">
    <p class='ocr_par' dir='ltr' id='par_1_7' title="bbox 182 2461 1260 2684">
     <span class='ocr_line' id='line_1_18' title="bbox 182 2461 1260 2566; baseline 0.004 -31"><span class='ocrx_word' id='word_1_125' title='bbox 182 2462 335 2564; x_wconf 70' lang='lat' dir='ltr'><strong>judicus</strong></span> <span class='ocrx_word' id='word_1_126' title='bbox 351 2489 409 2536; x_wconf 86' lang='lat' dir='ltr'><strong>me</strong></span> <span class='ocrx_word' id='word_1_127' title='bbox 424 2462 625 2536; x_wconf 78' lang='lat' dir='ltr'><strong>secuudum</strong></span> <span class='ocrx_word' id='word_1_128' title='bbox 649 2461 786 2562; x_wconf 80' lang='lat' dir='ltr'><strong>legem,</strong></span> <span class='ocrx_word' id='word_1_129' title='bbox 811 2479 846 2535; x_wconf 83' lang='lat' dir='ltr'><strong>et</strong></span> <span class='ocrx_word' id='word_1_130' title='bbox 868 2478 997 2537; x_wconf 79' lang='lat' dir='ltr'><strong>contra</strong></span> <span class='ocrx_word' id='word_1_131' title='bbox 1023 2463 1141 2562; x_wconf 69' lang='lat' dir='ltr'><strong>legem</strong></span> <span class='ocrx_word' id='word_1_132' title='bbox 1149 2463 1260 2566; x_wconf 76' lang='lat' dir='ltr'><strong>jubes</strong></span> 
     </span>
     <span class='ocr_line' id='line_1_19' title="bbox 190 2579 1260 2684; baseline -0.002 -26"><span class='ocrx_word' id='word_1_133' title='bbox 190 2610 247 2658; x_wconf 76' lang='lat' dir='ltr'><strong>nse</strong></span> <span class='ocrx_word' id='word_1_134' title='bbox 255 2583 404 2684; x_wconf 81' lang='lat' dir='ltr'><strong>percuti</strong></span> <span class='ocrx_word' id='word_1_135' title='bbox 406 2636 417 2659; x_wconf 80' lang='grc'><strong>.</strong></span> <span class='ocrx_word' id='word_1_136' title='bbox 431 2580 596 2654; x_wconf 76' lang='lat' dir='ltr'><strong>Astantoe</strong></span> <span class='ocrx_word' id='word_1_137' title='bbox 614 2606 700 2655; x_wconf 84' lang='lat' dir='ltr'><strong>vero</strong></span> <span class='ocrx_word' id='word_1_138' title='bbox 714 2579 909 2655; x_wconf 84' lang='lat' dir='ltr'><strong>dixerunt:</strong></span> <span class='ocrx_word' id='word_1_139' title='bbox 926 2580 1119 2655; x_wconf 83' lang='lat' dir='ltr'><strong>Summum</strong></span> <span class='ocrx_word' id='word_1_140' title='bbox 1135 2609 1260 2659; x_wconf 52' lang='lat' dir='ltr'><strong>sacer»</strong></span> 
     </span>
    </p>
   </div>
   <div class='ocr_carea' id='block_1_6' title="bbox 189 2696 1259 2914">
    <p class='ocr_par' dir='ltr' id='par_1_8' title="bbox 189 2696 1259 2914">
     <span class='ocr_line' id='line_1_20' title="bbox 190 2696 1259 2777; baseline -0.007 -1"><span class='ocrx_word' id='word_1_141' title='bbox 190 2702 310 2776; x_wconf 81' lang='lat' dir='ltr'><strong>dotem</strong></span> <span class='ocrx_word' id='word_1_142' title='bbox 332 2701 408 2774; x_wconf 83' lang='lat' dir='ltr'><strong>Dei</strong></span> <span class='ocrx_word' id='word_1_143' title='bbox 429 2696 651 2773; x_wconf 71' lang='lat' dir='ltr'><strong>maledicis?</strong></span> <span class='ocrx_word' id='word_1_144' title='bbox 667 2699 768 2772; x_wconf 86' lang='lat' dir='ltr'><strong>Dixit</strong></span> <span class='ocrx_word' id='word_1_145' title='bbox 788 2712 910 2773; x_wconf 81' lang='lat' dir='ltr'><strong>autem</strong></span> <span class='ocrx_word' id='word_1_146' title='bbox 925 2699 1055 2773; x_wconf 74' lang='lat' dir='ltr'><strong>Paulus</strong></span> <span class='ocrx_word' id='word_1_147' title='bbox 1072 2731 1082 2772; x_wconf 75' lang='grc' dir='ltr'><strong>ε</strong></span> <span class='ocrx_word' id='word_1_148' title='bbox 1102 2700 1259 2777; x_wconf 75' lang='lat' dir='ltr'><strong>Nescio-</strong></span> 
     </span>
     <span class='ocr_line' id='line_1_21' title="bbox 189 2808 1258 2914; baseline -0.003 -27"><span class='ocrx_word' id='word_1_149' title='bbox 189 2815 274 2887; x_wconf 84' lang='lat' dir='ltr'><strong>bam</strong></span> <span class='ocrx_word' id='word_1_150' title='bbox 280 2812 440 2909; x_wconf 69' lang='lat' dir='ltr'><strong>,fratres</strong></span> <span class='ocrx_word' id='word_1_151' title='bbox 447 2867 460 2900; x_wconf 91' lang='lat'><strong>,</strong></span> <span class='ocrx_word' id='word_1_152' title='bbox 477 2811 566 2910; x_wconf 84' lang='lat' dir='ltr'><strong>quia</strong></span> <span class='ocrx_word' id='word_1_153' title='bbox 576 2813 752 2911; x_wconf 81' lang='lat' dir='ltr'><strong>princeps</strong></span> <span class='ocrx_word' id='word_1_154' title='bbox 769 2825 861 2882; x_wconf 83' lang='lat' dir='ltr'><strong>esset</strong></span> <span class='ocrx_word' id='word_1_155' title='bbox 876 2808 1120 2883; x_wconf 73' lang='lat' dir='ltr'><strong>sacetdotum.</strong></span> <span class='ocrx_word' id='word_1_156' title='bbox 1139 2810 1258 2914; x_wconf 82' lang='lat' dir='ltr'><strong>Scn&#39;p·</strong></span> 
     </span>
    </p>
   </div>
   <div class='ocr_carea' id='block_1_7' title="bbox 177 2926 1259 3960">
    <p class='ocr_par' dir='ltr' id='par_1_9' title="bbox 177 2926 1259 3960">
     <span class='ocr_line' id='line_1_22' title="bbox 190 2926 1254 3028; baseline 0 -26"><span class='ocrx_word' id='word_1_157' title='bbox 190 2948 265 3002; x_wconf 83' lang='lat' dir='ltr'><strong>tum</strong></span> <span class='ocrx_word' id='word_1_158' title='bbox 274 2928 674 3027; x_wconf 60' lang='lat' dir='ltr'><strong>estenimfflrinczpem</strong></span> <span class='ocrx_word' id='word_1_159' title='bbox 682 2926 817 3028; x_wconf 83' lang='lat' dir='ltr'><strong>populi</strong></span> <span class='ocrx_word' id='word_1_160' title='bbox 826 2928 884 2998; x_wconf 80' lang='lat' dir='ltr'><strong>tui</strong></span> <span class='ocrx_word' id='word_1_161' title='bbox 893 2952 968 3000; x_wconf 83' lang='lat' dir='ltr'><strong>non</strong></span> <span class='ocrx_word' id='word_1_162' title='bbox 978 2926 1205 3028; x_wconf 78' lang='lat' dir='ltr'><strong>maledices(</strong></span> <span class='ocrx_word' id='word_1_163' title='bbox 1225 2930 1254 3028; x_wconf 93' lang='lat'><em>)</em></span> 
     </span>
     <span class='ocr_line' id='line_1_23' title="bbox 189 3042 1258 3143; baseline -0.003 -23"><span class='ocrx_word' id='word_1_164' title='bbox 189 3047 311 3120; x_wconf 87' lang='lat' dir='ltr'><strong>Sciens</strong></span> <span class='ocrx_word' id='word_1_165' title='bbox 334 3042 464 3118; x_wconf 85' lang='lat' dir='ltr'><strong>Paulus</strong></span> <span class='ocrx_word' id='word_1_166' title='bbox 487 3043 570 3143; x_wconf 85' lang='lat' dir='ltr'><strong>quia</strong></span> <span class='ocrx_word' id='word_1_167' title='bbox 594 3069 666 3117; x_wconf 85' lang='lat' dir='ltr'><strong>una</strong></span> <span class='ocrx_word' id='word_1_168' title='bbox 687 3070 769 3141; x_wconf 87' lang='lat' dir='ltr'><strong>purs</strong></span> <span class='ocrx_word' id='word_1_169' title='bbox 793 3058 885 3119; x_wconf 82' lang='lat' dir='ltr'><strong>esset</strong></span> <span class='ocrx_word' id='word_1_170' title='bbox 904 3042 1196 3135; x_wconf 84' lang='lat' dir='ltr'><strong>sadducaeorum,</strong></span> <span class='ocrx_word' id='word_1_171' title='bbox 1223 3060 1258 3119; x_wconf 85' lang='lat' dir='ltr'><strong>et</strong></span> 
     </span>
     <span class='ocr_line' id='line_1_24' title="bbox 189 3159 1259 3261; baseline 0.002 -27"><span class='ocrx_word' id='word_1_172' title='bbox 189 3163 299 3238; x_wconf 81' lang='lat' dir='ltr'><strong>altem</strong></span> <span class='ocrx_word' id='word_1_173' title='bbox 328 3159 609 3261; x_wconf 73' lang='lat' dir='ltr'><strong>pharisaeorum,</strong></span> <span class='ocrx_word' id='word_1_174' title='bbox 638 3159 850 3233; x_wconf 81' lang='lat' dir='ltr'><strong>exclamavit</strong></span> <span class='ocrx_word' id='word_1_175' title='bbox 880 3160 919 3232; x_wconf 89' lang='lat' dir='ltr'><strong>in</strong></span> <span class='ocrx_word' id='word_1_176' title='bbox 947 3160 1106 3234; x_wconf 72' lang='lat' dir='ltr'><strong>concilio</strong></span> <span class='ocrx_word' id='word_1_177' title='bbox 1132 3192 1144 3233; x_wconf 75' lang='grc' dir='ltr'><strong><em>ε</em></strong></span> <span class='ocrx_word' id='word_1_178' title='bbox 1173 3164 1259 3236; x_wconf 75' lang='lat' dir='ltr'><em>Viri</em></span> 
     </span>
     <span class='ocr_line' id='line_1_25' title="bbox 177 3275 1258 3378; baseline -0.003 -25"><span class='ocrx_word' id='word_1_179' title='bbox 177 3281 339 3377; x_wconf 72' lang='lat' dir='ltr'><strong>fratres,</strong></span> <span class='ocrx_word' id='word_1_180' title='bbox 357 3303 427 3376; x_wconf 80' lang='lat' dir='ltr'><strong>ego</strong></span> <span class='ocrx_word' id='word_1_181' title='bbox 445 3276 654 3378; x_wconf 67' lang='lat' dir='ltr'><strong>pdunsoeus</strong></span> <span class='ocrx_word' id='word_1_182' title='bbox 675 3303 757 3348; x_wconf 82' lang='lat' dir='ltr'><strong>sum</strong></span> <span class='ocrx_word' id='word_1_183' title='bbox 760 3276 891 3376; x_wconf 78' lang='lat' dir='ltr'><strong>,filius</strong></span> <span class='ocrx_word' id='word_1_184' title='bbox 899 3275 1184 3377; x_wconf 67' lang='lat' dir='ltr'><strong>pltarzlsoeomm.</strong></span> <span class='ocrx_word' id='word_1_185' title='bbox 1201 3280 1258 3352; x_wconf 80' lang='lat' dir='ltr'><strong>De</strong></span> 
     </span>
     <span class='ocr_line' id='line_1_26' title="bbox 189 3379 1257 3497; baseline -0.003 -28"><span class='ocrx_word' id='word_1_186' title='bbox 189 3422 254 3497; x_wconf 83' lang='lat' dir='ltr'><strong>spe</strong></span> <span class='ocrx_word' id='word_1_187' title='bbox 272 3411 306 3468; x_wconf 85' lang='lat' dir='ltr'><strong>et</strong></span> <span class='ocrx_word' id='word_1_188' title='bbox 321 3379 579 3468; x_wconf 63' lang='lat' dir='ltr'><strong>resurrectione</strong></span> <span class='ocrx_word' id='word_1_189' title='bbox 596 3408 825 3469; x_wconf 75' lang='lat' dir='ltr'><strong>mortuorum,</strong></span> <span class='ocrx_word' id='word_1_190' title='bbox 838 3419 907 3492; x_wconf 80' lang='lat' dir='ltr'><strong>ego</strong></span> <span class='ocrx_word' id='word_1_191' title='bbox 918 3392 1086 3492; x_wconf 82' lang='lat' dir='ltr'><strong>judicor.</strong></span> <span class='ocrx_word' id='word_1_192' title='bbox 1107 3394 1173 3466; x_wconf 88' lang='lat' dir='ltr'><strong>His</strong></span> <span class='ocrx_word' id='word_1_193' title='bbox 1187 3393 1257 3466; x_wconf 91' lang='lat' dir='ltr'><strong>dic-</strong></span> 
     </span>
     <span class='ocr_line' id='line_1_27' title="bbox 191 3507 1256 3607; baseline 0.004 -25"><span class='ocrx_word' id='word_1_194' title='bbox 191 3513 252 3601; x_wconf 87' lang='lat' dir='ltr'><strong>tis,</strong></span> <span class='ocrx_word' id='word_1_195' title='bbox 277 3509 448 3584; x_wconf 90' lang='lat' dir='ltr'><strong>dissensio</strong></span> <span class='ocrx_word' id='word_1_196' title='bbox 472 3509 567 3582; x_wconf 84' lang='lat' dir='ltr'><strong>inter</strong></span> <span class='ocrx_word' id='word_1_197' title='bbox 588 3523 708 3607; x_wconf 83' lang='lat' dir='ltr'><strong>partes</strong></span> <span class='ocrx_word' id='word_1_198' title='bbox 728 3507 821 3582; x_wconf 81' lang='lat' dir='ltr'><strong>sacta</strong></span> <span class='ocrx_word' id='word_1_199' title='bbox 842 3523 952 3583; x_wconf 88' lang='lat' dir='ltr'><strong>estet</strong></span> <span class='ocrx_word' id='word_1_200' title='bbox 974 3508 1177 3585; x_wconf 90' lang='lat' dir='ltr'><strong>multitudo</strong></span> <span class='ocrx_word' id='word_1_201' title='bbox 1198 3537 1256 3585; x_wconf 84' lang='lat' dir='ltr'><strong>so-</strong></span> 
     </span>
     <span class='ocr_line' id='line_1_28' title="bbox 187 3624 1256 3703; baseline 0.003 -3"><span class='ocrx_word' id='word_1_202' title='bbox 187 3628 262 3700; x_wconf 86' lang='lat' dir='ltr'><strong>luta</strong></span> <span class='ocrx_word' id='word_1_203' title='bbox 283 3642 349 3700; x_wconf 86' lang='lat' dir='ltr'><strong>est.</strong></span> <span class='ocrx_word' id='word_1_204' title='bbox 374 3625 556 3698; x_wconf 76' lang='lat' dir='ltr'><strong>Sadducaei</strong></span> <span class='ocrx_word' id='word_1_205' title='bbox 581 3642 701 3699; x_wconf 85' lang='lat' dir='ltr'><strong>nutem</strong></span> <span class='ocrx_word' id='word_1_206' title='bbox 723 3624 852 3699; x_wconf 89' lang='lat' dir='ltr'><strong>dicunt</strong></span> <span class='ocrx_word' id='word_1_207' title='bbox 876 3651 953 3700; x_wconf 89' lang='lat' dir='ltr'><strong>non</strong></span> <span class='ocrx_word' id='word_1_208' title='bbox 977 3651 1050 3700; x_wconf 85' lang='lat' dir='ltr'><strong>esse</strong></span> <span class='ocrx_word' id='word_1_209' title='bbox 1078 3653 1256 3703; x_wconf 81' lang='lat' dir='ltr'><strong>resurrec-</strong></span> 
     </span>
     <span class='ocr_line' id='line_1_29' title="bbox 188 3744 1252 3844; baseline 0 -28"><span class='ocrx_word' id='word_1_210' title='bbox 188 3747 344 3832; x_wconf 86' lang='lat' dir='ltr'><strong>tionem,</strong></span> <span class='ocrx_word' id='word_1_211' title='bbox 374 3770 492 3843; x_wconf 87' lang='lat' dir='ltr'><strong>neque</strong></span> <span class='ocrx_word' id='word_1_212' title='bbox 514 3745 701 3843; x_wconf 83' lang='lat' dir='ltr'><strong>angelum,</strong></span> <span class='ocrx_word' id='word_1_213' title='bbox 732 3770 849 3843; x_wconf 89' lang='lat' dir='ltr'><strong>neque</strong></span> <span class='ocrx_word' id='word_1_214' title='bbox 874 3745 1059 3843; x_wconf 80' lang='lat' dir='ltr'><strong>spiritum3</strong></span> <span class='ocrx_word' id='word_1_215' title='bbox 1090 3744 1252 3844; x_wconf 77' lang='lat' dir='ltr'><strong>phanisaei</strong></span> 
     </span>
     <span class='ocr_line' id='line_1_30' title="bbox 187 3859 1253 3960; baseline 0.004 -30"><span class='ocrx_word' id='word_1_216' title='bbox 187 3886 273 3934; x_wconf 77' lang='lat' dir='ltr'><strong>vero</strong></span> <span class='ocrx_word' id='word_1_217' title='bbox 305 3874 500 3957; x_wconf 85' lang='lat' dir='ltr'><strong>utrumque</strong></span> <span class='ocrx_word' id='word_1_218' title='bbox 533 3860 767 3934; x_wconf 82' lang='lat' dir='ltr'><strong>confitentur.</strong></span> <span class='ocrx_word' id='word_1_219' title='bbox 805 3859 960 3952; x_wconf 84' lang='lat' dir='ltr'><strong>Quidam</strong></span> <span class='ocrx_word' id='word_1_220' title='bbox 992 3861 1253 3960; x_wconf 76' lang='lat' dir='ltr'><strong>pharisaeorum</strong></span> 
     </span>
    </p>
   </div>
   <div class='ocr_carea' id='block_1_8' title="bbox 219 4244 1115 4318">
    <p class='ocr_par' dir='ltr' id='par_1_10' title="bbox 219 4244 1115 4318">
     <span class='ocr_line' id='line_1_31' title="bbox 219 4244 1115 4318; baseline 0.001 -20"><span class='ocrx_word' id='word_1_221' title='bbox 219 4250 228 4314; x_wconf 87' lang='lat'>(</span> <span class='ocrx_word' id='word_1_222' title='bbox 235 4250 257 4314; x_wconf 88' lang='grc' dir='ltr'><strong>ι)</strong></span> <span class='ocrx_word' id='word_1_223' title='bbox 277 4247 340 4298; x_wconf 78' lang='lat' dir='ltr'><strong>Act.</strong></span> <span class='ocrx_word' id='word_1_224' title='bbox 356 4253 444 4314; x_wconf 73' lang='lat' dir='ltr'><strong>apost.</strong></span> <span class='ocrx_word' id='word_1_225' title='bbox 461 4262 513 4309; x_wconf 72' lang='lat' dir='ltr'><strong>xxi,</strong></span> <span class='ocrx_word' id='word_1_226' title='bbox 534 4249 629 4309; x_wconf 73' lang='lat' dir='ltr'><strong>sl-xxn</strong></span> <span class='ocrx_word' id='word_1_227' title='bbox 640 4287 647 4312; x_wconf 85' lang='lat'>‚</span> <span class='ocrx_word' id='word_1_228' title='bbox 660 4263 701 4318; x_wconf 84' lang='lat'><strong>29.</strong></span> <span class='ocrx_word' id='word_1_229' title='bbox 714 4244 874 4318; x_wconf 78' lang='lat'><strong>(58.)-(2)</strong></span> <span class='ocrx_word' id='word_1_230' title='bbox 889 4244 972 4302; x_wconf 82' lang='lat' dir='ltr'><strong>Exod.</strong></span> <span class='ocrx_word' id='word_1_231' title='bbox 987 4263 1054 4312; x_wconf 73' lang='lat' dir='ltr'><strong>suu,</strong></span> <span class='ocrx_word' id='word_1_232' title='bbox 1072 4247 1115 4302; x_wconf 76' lang='lat'><strong>28.</strong></span> 
     </span>
    </p>
   </div>
   <div class='ocr_carea' id='block_1_9' title="bbox 0 0 1452 4958">
    <p class='ocr_par' dir='ltr' id='par_1_11' title="bbox 0 0 1452 4958">
     <span class='ocr_line' id='line_1_32' title="bbox 0 0 1452 4958; baseline 0 4"><span class='ocrx_word' id='word_1_233' title='bbox 0 0 1452 4958; x_wconf 95' lang='lat' dir='ltr'><strong> </strong></span> 
     </span>
    </p>
   </div>
  </div>
 </body>
</html>
