2894 4958
534 427 651 489 LIBER
670 427 879 489 SECUNDUS.
1175 434 1234 492 207

179 567 314 625 totores
323 549 446 624 Liddae
459 563 496 622 et
508 549 674 637 Saronae,
690 551 750 650 qui
765 548 834 624 hoc
847 548 1035 638 viderunt,
1051 549 1096 622 ad
1110 551 1237 624 Domi·
1282 606 1285 610 -

178 692 269 741 num
288 667 450 742 conversi
467 680 565 739 sunt.
585 668 626 739 ln
643 669 756 766 Joppe
775 665 926 740 Tabitha
947 666 1116 766 operibus
1132 668 1237 743 bonis

178 797 216 856 et
242 782 476 882 elecmosynis
501 780 605 881 plena
629 781 796 856 defuncta
813 798 885 871 est,
905 798 941 858 et
964 811 984 856 a
1007 783 1178 856 fratribus
1197 787 1234 858 in

179 897 369 973 coenaculo
392 897 507 997 posita
524 911 589 971 cst.
608 898 782 997 Discipuli
805 898 987 973 audientes
1011 900 1093 999 quia
1110 902 1238 972 Petrus

175 1029 269 1090 osset
288 1015 436 1113 Joppae,
458 1040 540 1113 quae
560 1015 675 1086 vicina
703 1030 778 1088 crat
805 1014 950 1102 Liddae,
976 1015 1065 1090 duos
1085 1017 1129 1089 ad
1155 1043 1238 1090 cum

179 1132 277 1206 viros
292 1131 491 1218 miserunt,
516 1157 556 1203 ac
579 1147 619 1204 nt
640 1131 684 1204 ad
705 1157 765 1206 eos
781 1133 921 1206 reniret
941 1146 1171 1232 rogaverunt.
1189 1130 1239 1203 At
1319 1178 1327 1197 .

181 1248 242 1324 ille
254 1273 340 1322 mox
354 1265 397 1320 ut
408 1249 622 1349 legationem
633 1248 785 1321 fratrum
796 1247 944 1337 audivit,
959 1248 1143 1323 humiliter
1156 1247 1238 1322 obe·

179 1364 286 1438 divit.
300 1364 522 1439 Adveniente
535 1366 660 1453 Petro,
674 1365 990 1439 circumsteterunt
999 1364 1101 1437 illum
1111 1389 1237 1449 onmes

179 1481 298 1556 ridnae
325 1482 468 1570 flentes,
496 1497 532 1556 et
561 1479 796 1555 ostendebant
821 1480 874 1554 illi
898 1482 1037 1554 tunicas
1065 1495 1102 1553 et
1127 1498 1238 1556 vestes

179 1622 270 1697 quas
281 1595 434 1670 faciebat
453 1595 523 1669 illis
542 1597 689 1670 Dorcas.
709 1596 841 1694 Ejectis
857 1613 974 1670 autem
993 1595 1162 1670 omnihus
1180 1596 1239 1670 fo·

176 1738 261 1804 m,
276 1740 416 1813 ponem
432 1714 556 1786 Petrus
572 1740 685 1814 genua
705 1739 764 1786 sua
781 1714 918 1802 oravit,
934 1730 969 1787 et
988 1740 1179 1788 conversus
1195 1715 1238 1787 ad

181 1855 315 1932 corpus
325 1832 417 1905 dixit
433 1862 441 1904 :
457 1831 757 1930 Tabitha,surgc.
778 1829 827 1902 At
843 1831 902 1903 illa
917 1831 1040 1905 oculos
1057 1857 1139 1906 suos
1152 1858 1238 1930 ape·

181 1947 275 2037 nsit,
289 1948 411 2021 etviso
424 1948 532 2021 Petro
545 1947 685 2020 resedit.
702 1947 871 2047 Dansque
884 1946 934 2018 illi
948 1973 1114 2035 manum,
1127 1947 1241 2019 erexit

179 2088 284 2151 eam,
304 2079 340 2135 et
358 2063 490 2135 sanctis
505 2088 546 2133 ac
566 2058 681 2134 viduis
699 2063 887 2160 assignavit
902 2085 981 2135 cam
1004 2061 1134 2132 vivam.
1161 2062 1239 2136 Hoc

181 2178 365 2278 divulgato
379 2204 445 2277 per
461 2178 663 2251 universam
675 2179 827 2276 Joppem
840 2176 1035 2264 miraculo,
1050 2175 1156 2249 multi
1169 2202 1242 2250 cre·

182 2290 354 2367 diderunt
370 2295 407 2367 in
426 2294 585 2366 Domino
598 2293 664 2390 (1).

231 2409 421 2485 Cornelius
435 2411 473 2482 in
488 2409 655 2484 Caesaraea
665 2462 677 2498 ,
696 2410 862 2483 centurio
881 2407 1040 2483 cohortis
1060 2436 1141 2510 quae
1158 2409 1244 2483 dici-

184 2541 245 2601 tnr
264 2527 403 2614 Italica,
422 2527 479 2599 vir
496 2526 681 2626 religiosus
701 2551 742 2597 ac
764 2524 895 2599 timens
912 2524 1026 2598 Deum
1044 2551 1127 2597 cum
1142 2526 1241 2598 omni

183 2641 294 2717 domo
310 2669 392 2731 sua,
417 2642 540 2714 multis
559 2643 720 2714 intentus
745 2655 821 2714 crat
846 2640 1078 2745 eleemosynis
1105 2657 1142 2714 et
1163 2666 1244 2713 ora-

184 2757 345 2834 tionibus
366 2783 435 2856 pro
460 2758 572 2830 salute
589 2772 773 2856 perpetua.
799 2759 832 2828 ls
856 2757 947 2830 vidit
969 2758 1008 2830 in
1031 2758 1109 2830 visu
1125 2759 1244 2830 mani-

186 2870 293 2959 tete,
314 2875 414 2972 quasi
437 2871 524 2946 hora
542 2897 638 2945 nona
655 2870 743 2958 dici,
768 2871 934 2972 angeium
955 2873 1041 2961 Dei3
1057 2898 1166 2971 quem
1183 2874 1244 2945 in-

187 2999 314 3076 tuens,
340 2987 471 3061 timore
499 3001 686 3084 correptus
707 2985 753 3058 ab
783 2987 846 3059 illo
869 2986 1003 3059 audivit
1032 3018 1042 3059 r
1074 2988 1242 3079 Comeli,

187 3108 368 3178 orationes
386 3121 456 3176 tuae
473 3120 507 3176 et
522 3103 755 3204 eleemosynas
771 3121 842 3176 tuae
858 3104 1098 3178 ascenderant
1117 3109 1156 3176 in
1174 3129 1246 3176 me-

187 3222 341 3294 moriam
358 3221 398 3290 in
412 3235 607 3319 compecto
622 3220 706 3291 Dei.
727 3218 865 3294 Deinde
880 3219 1053 3319 praeccpit
1072 3234 1114 3291 ut
1131 3219 1246 3292 Simo-

190 3362 271 3411 nem
302 3339 450 3411 Petrum
477 3337 690 3425 accersiret,
722 3365 741 3409 a
781 3362 855 3437 quo
884 3338 1075 3429 consilium
1105 3334 1246 3409 salubre

192 3453 342 3528 audiret.
363 3453 411 3526 At
429 3453 490 3528 ille
503 3451 647 3553 jubenti
665 3479 750 3528 mox
776 3453 915 3552 paruit,
940 3469 972 3526 et
993 3467 1065 3526 tres
1084 3452 1181 3524 viros
1203 3450 1248 3522 ad

193 3568 336 3645 Petrum
361 3573 471 3644 misit.
503 3575 647 3645 Postera
677 3571 754 3660 die,
785 3572 855 3643 illis
877 3566 1249 3670 appropinquantibus

194 3688 344 3779 civitati,
362 3690 488 3763 Petrus
506 3688 598 3761 circa
616 3687 742 3761 horam
758 3702 894 3760 sextam
908 3685 1066 3760 ascendit
1085 3685 1124 3756 in
1148 3710 1249 3782 supe-

195 3802 307 3892 riora,
327 3818 370 3874 ut
385 3817 518 3877 oraret.
539 3803 701 3903 Cumque
723 3802 874 3877 esuriret
896 3818 933 3876 ct
948 3799 1110 3898 supernis
1132 3796 1246 3871 inhia-

199 3974 265 3988 —

227 4083 264 4155 (1)
281 4083 347 4138 Act.
361 4093 451 4155 apost.
466 4103 504 4153 n,
517 4082 566 4140 32-
569 4088 611 4152 42.
623 4083 681 4155 (35.
685 4087 695 4156 )
707 4084 754 4142 On
769 4104 803 4139 ne
816 4084 876 4139 doit
886 4100 933 4156 pas
945 4081 1117 4155 oublierque
1129 4080 1249 4135 'Dabitha

202 4181 226 4227 ct
219 4164 336 4228 Dorcas
349 4185 412 4230 sont
424 4173 450 4230 la
462 4194 552 4231 meme
563 4194 709 4248 personne
