2894 4958
527 408 531 415 ¹
557 370 676 484 llllllll
697 418 854 484 PRIMUS.
1185 422 1245 486 10⁵

228 543 437 622 nunninus
475 556 719 643 cognomento
748 539 944 631 Caracalla,
974 541 1095 614 Severi
1126 541 1243 632 filius,

175 664 283 735 anuis
319 685 387 736 vu.
424 656 627 733 Alexander
652 658 839 757 episcopus
870 655 1126 757 Cappadociae,
1161 652 1246 729 cum

177 794 388 854 sanctorum
410 773 584 850 desiderio
603 775 769 849 locorum
785 774 1046 875 Jerosolymam
1068 774 1243 864 uenisset,

176 895 324 968 viwnte
333 891 449 966 adhuc
459 892 624 967 Narcisso
639 890 797 992 ejusdem
810 890 911 964 urbis
923 891 1111 993 episcopo,
1123 900 1247 994 perse-

177 1009 264 1084 nilis
280 1010 396 1083 aetatis
421 1010 525 1099 viro,
545 1009 619 1110 ipse
645 1009 696 1081 ibi
719 1009 911 1084 ordinatur
936 1009 1144 1110 episcopus,
1167 1011 1247 1082 Do-

176 1127 302 1218 mino,
323 1142 366 1200 ut
378 1126 415 1201 id
427 1127 505 1201 lieri
524 1125 695 1219 deberet,
712 1153 778 1228 per
789 1127 1045 1202 revelationem
1057 1141 1247 1202 monente·

177 1244 425 1320 Tertullianus
438 1243 526 1319 Afer
538 1245 762 1319 centurionis
773 1234 1040 1345 proconsularis
1056 1243 1151 1316 filins
1166 1269 1247 1320 om·

176 1361 284 1435 nium
295 1361 524 1435 ecclesiarum
535 1388 701 1438 sermone
716 1361 947 1461 celebratur(
971 1361 1002 1461 ).

225 1476 410 1550 Macrinus
430 1502 528 1552 anno
548 1503 623 1552 uno
645 1479 826 1580 regnavit,
847 1493 884 1552 et
906 1503 990 1552 cum
1008 1475 1084 1552 filio
1106 1474 1248 1550 Diadu-

177 1618 310 1688 meno,
324 1620 409 1668 cum
424 1620 499 1696 quo
516 1596 710 1696 imperium
727 1597 878 1686 invasit,
896 1593 991 1695 apud
1007 1592 1248 1669 Archilaidem

178 1709 328 1783 militari
345 1711 505 1784 tumultu
522 1713 729 1813 occiditur(
754 1713 784 1810 ).

181 1856 184 1861 ·
226 1827 370 1900 Marcus
385 1826 553 1901 Aurelius
566 1827 776 1902 Antoninus
792 1829 896 1902 annis
913 1852 965 1902 tv.
982 1829 1045 1927 [ln
1062 1825 1248 1899 Palaestina

178 1939 388 2041 Nicopolis,
406 1967 490 2044 quae
507 1946 607 2044 prius
626 1946 796 2018 Emmaus
815 1941 1030 2032 vocabatur,
1055 1940 1144 2015 urbs
1161 1966 1247 2015 con·

178 2055 253 2129 dita
269 2070 325 2130 est
331 2085 343 2145 ;
362 2056 549 2157 legationis
563 2057 777 2131 industrium
787 2083 857 2157 pro
869 2082 913 2132 eo
924 2057 1139 2156 suscipiente
1151 2053 1249 2130 Julio

180 2170 355 2246 Africano
365 2173 542 2273 scriptore
550 2174 787 2274 temporum].
800 2175 887 2249 llaec
895 2190 949 2249 est
957 2175 1128 2247 Emmaus
1140 2198 1249 2276 quam

178 2289 358 2363 Dominus
371 2303 455 2388 post
466 2292 768 2367 resurrectionem
781 2317 866 2380 suc,
880 2291 975 2365 sicut
985 2293 1098 2363 Lucas
1110 2305 1247 2378 narrat,

181 2406 343 2507 ingressu
362 2405 582 2482 sanctificare
602 2405 769 2511 dignatus
786 2423 851 2483 est.
874 2407 1093 2509 Hippolytus
1112 2407 1251 2506 episeo-

181 2547 267 2623 pus,
283 2521 483 2595 multorum
495 2523 665 2599 conditor
682 2525 958 2625 opusculorum,
975 2540 1182 2625 temporum
1193 2549 1250 2597 ce·

182 2665 319 2715 nouem
327 2693 339 2730 ,
355 2664 464 2740 quem
475 2641 637 2742 scripsit,
650 2641 721 2716 huc
733 2668 847 2743 mque
858 2641 1040 2742 pertinxit.
1057 2640 1128 2735 Qui
1142 2640 1250 2714 etiam

183 2782 238 2845 sc,
258 2754 536 2831 decennovalem
555 2757 700 2834 Paschae
718 2758 897 2832 circulum
915 2759 1118 2858 reperiens,
1140 2758 1250 2831 Euse-

183 3040 272 3114 perelt
284 3040 355 3116 qu’il
362 3043 448 3097 existe
460 3042 564 3098 ieiune
578 3041 676 3098 lacuue
687 3041 756 3098 dans
766 3042 792 3098 le
802 3058 915 3117 passage
927 3041 962 3096 de
971 3040 1043 3097 saint
1051 3040 1161 3098 Jersme
1171 3051 1251 3096 trau-

184 3129 250 3184 scrit
259 3146 312 3202 per
320 3146 372 3185 nos
380 3127 452 3184 deux
463 3139 590 3198 auteurs,
604 3140 633 3185 et
644 3129 730 3205 qu’on
737 3129 798 3185 doit
806 3130 832 3185 le
841 3129 972 3184 restitues·
984 3129 1055 3184 ainsi
1066 3150 1073 3183 ε
1084 3129 1252 3202 Polycrates

184 3235 294 3293 quoque
306 3218 425 3273 Ass'esnoe
434 3222 586 3293 pruvincia
598 3229 626 3274 et
638 3220 802 3293 Bacchylus
816 3219 1030 3276 Corinthiorum
1046 3223 1197 3292 episcopus.
1213 3221 1251 3276 La

184 3304 286 3364 tlffiite
296 3307 411 3364 d'Albiu
422 3307 491 3363 dans
499 3308 539 3365 les
547 3308 653 3384 plaiues
662 3308 698 3365 de
710 3310 838 3365 Trevons
849 3319 892 3364 est
905 3307 944 3364 du
959 3327 991 3382 ¹9
999 3309 1101 3365 levrier
1115 3326 1173 3383 ις),
1183 3308 1251 3365 l'ex-

184 3387 311 3462 pditiun
324 3389 360 3447 de
373 3392 610 3465 Septimus-Severe
620 3391 689 3447 dans
700 3393 727 3449 la
734 3392 1002 3466 Grande-Bresagne
1013 3391 1048 3448 de
1063 3392 1130 3462 ²08,
1145 3393 1172 3448 la
1183 3410 1252 3449 con·

184 3479 322 3535 nncficu
339 3478 375 3535 de
389 3479 416 3535 la
433 3480 538 3552 gmnde
554 3481 682 3538 muraille
694 3481 730 3538 de
745 3499 813 3550 aio,
835 3492 864 3538 et
880 3482 907 3537 la
927 3492 1003 3538 mort
1020 3482 1056 3538 de
1070 3501 1102 3538 ce
1120 3483 1217 3556 prince
1235 3487 1252 3540 t

186 3568 263 3625 ld
274 3567 314 3624 tlu
329 3569 529 3636 tierrimu.

217 3657 771 3738 (ilttttuteran-tavrit217).cust
786 3681 823 3719 eu
842 3678 894 3718 ara
916 3680 972 3737 que
991 3673 1123 3732 mourut,
1146 3666 1162 3718 l
1180 3662 1252 3739 l’lge

186 3743 221 3802 tle
231 3747 346 3803 ceutsix
354 3766 413 3814 ans,
421 3747 448 3803 le
459 3750 616 3823 patriarche
624 3750 661 3806 de
671 3751 832 3820 teruntur,
841 3752 977 3819 Narcisso,
986 3750 1057 3808 dont
1067 3768 1138 3807 nous
1146 3768 1250 3807 venons

186 3832 221 3891 tle
234 3833 342 3909 parler,
355 3835 432 3893 illut
444 3856 481 3894 en
498 3837 563 3895 effet
574 3840 712 3915 remplect
727 3859 779 3916 par
790 3840 964 3910 Alexsndre,
978 3832 1129 3917 tvtque'eu
1142 3843 1251 3915 Cappa·

187 3921 270 3992 doce,
283 3925 334 4000 qui
346 3924 445 3999 depuis
457 3927 590 4003 quelques
602 3933 703 3987 cuntes
722 3930 859 3988 l’assistsit
877 3929 946 3987 daus
962 3948 1005 3987 ses
1023 3931 1170 3988 mantione.
1185 3929 1251 3985 L’il·

187 4012 274 4071 luntre
293 4015 449 4071 Tertullieu
463 4017 593 4075 floriensit
604 4022 620 4074 t
631 4030 705 4076 cette
721 4024 843 4096 speque,
861 4038 969 4076 comme
981 4030 1063 4076 notre
1075 4031 1175 4076 antem
1188 4038 1204 4074 s
1215 4036 1252 4074 eu

188 4102 279 4159 rainu
292 4101 328 4158 de
339 4101 366 4159 le
377 4103 448 4160 dire.
462 4106 506 4161 Ne
516 4125 579 4162 vers
593 4107 656 4176 160,
671 4108 692 4164 il
705 4121 818 4166 mourut
829 4127 891 4165 vers
903 4106 965 4177 245.

222 4190 261 4262 (a)
278 4192 321 4262 (rr
338 4191 406 4248 avril
418 4194 548 4270 cry-juin
561 4197 636 4269 218.)
649 4229 684 4241 -
697 4200 771 4254 lissa
786 4224 792 4254 :
808 4198 1040 4256 Diadumeniano.
