2894 4958
187 368 249 430 426
460 366 644 428 HISTORIA
665 366 968 432 Ecctnstssncs.

187 482 404 574 monachus,
429 488 467 558 in
490 487 581 561 urbe
602 489 717 562 Roma
740 503 814 560 tam
829 489 989 562 saeculari
1005 513 1118 589 quam
1133 488 1251 562 divina

187 602 333 677 scientia
351 603 478 675 claruit
484 633 495 694 ;
512 605 576 705 qui
589 606 686 678 inter
701 620 850 696 caetera,
862 632 945 706 quae
956 603 1133 679 nobiliter
1144 607 1252 705 scrip-

185 719 251 809 sit,
278 719 500 819 psalmorum
524 721 704 821 praecipuc
725 722 866 796 occulta
888 723 1140 823 potentissime
1159 750 1251 797 reso·

186 837 309 935 ravit(
333 837 363 935 ).

236 958 343 1028 Tunc
360 957 467 1029 etiam
483 956 676 1056 Dionysius
693 954 799 1033 abbas
818 959 857 1030 in
873 957 964 1032 urbe
980 961 1098 1033 Roma
1115 958 1252 1032 consti-

188 1087 287 1144 tutus
317 1068 516 1170 paschalem
546 1071 724 1144 calculum
751 1072 913 1146 miranda
940 1072 1252 1174 argumentatione

188 1191 404 1289 composuit.

237 1305 436 1378 Priscianus
457 1330 602 1406 quoque
624 1306 847 1380 Gaesariensis
868 1305 963 1406 apud
990 1306 1251 1380 Constantino-

187 1421 301 1520 polim
324 1423 565 1521 grammaticae
589 1422 693 1514 artis,
725 1439 768 1496 ut
796 1424 844 1496 ita
871 1421 1045 1511 dixerim,
1073 1420 1251 1522 profunda

188 1539 337 1611 rimatus
353 1555 419 1612 est.

236 1655 369 1730 Arator
381 1655 616 1731 nihilominus
636 1682 796 1732 romanae
810 1657 978 1730 Ecclesiae
992 1655 1250 1746 subdiaconus,

188 1787 293 1872 poeta
308 1772 483 1846 mirabilis
492 1827 504 1864 ,
522 1774 781 1874 Apostolorum
793 1775 904 1847 Actus
918 1771 1137 1847 hexametris
1153 1773 1255 1847 versi·

188 1890 256 1963 bus
273 1893 442 1965 exaravit.
839 1975 843 1987 „

238 2009 344 2080 Tunc
360 2009 468 2082 etiam
486 2008 710 2083 beatissimus
730 2024 833 2109 pater
851 2007 1081 2094 Benedictus,
1101 2021 1141 2080 et
1159 2005 1256 2105 prius

190 2127 228 2200 in
243 2126 324 2200 loco
344 2128 405 2227 qui
423 2126 595 2200 Subiacus
611 2126 757 2218 dicitur,
776 2126 840 2227 qui
860 2123 905 2199 ab
923 2123 1012 2200 urbe
1031 2150 1079 2199 xe
1096 2120 1256 2196 millibus

189 2240 306 2332 abest,
330 2257 366 2316 et
382 2260 503 2342 postea
521 2243 559 2316 in
577 2258 693 2316 castro
704 2243 868 2331 Cassino,
886 2240 1024 2341 magnis
1041 2241 1131 2312 vitae
1146 2238 1257 2312 meri-

190 2358 235 2428 tis
261 2373 298 2431 et
317 2359 520 2457 apostolicis
546 2356 741 2432 virtutibus
767 2357 916 2446 effulsit3
941 2359 1040 2455 cujus
1061 2356 1198 2444 vitam,
1217 2367 1257 2426 ut

190 2489 320 2547 notum
331 2490 402 2563 est,
417 2474 540 2549 beatus
554 2502 643 2575 papa
656 2474 850 2575 Gregorius
864 2474 902 2546 in
912 2476 985 2547 suis
995 2472 1149 2572 dialogis
1163 2470 1256 2543 suavi

189 2616 354 2665 sermone
371 2593 605 2693 composuit(
630 2595 661 2689 ).

224 2892 262 2962 (1)
280 2889 313 2962 (3
322 2891 385 2963 juin
398 2889 501 2966 574-30
510 2892 603 2964 juillet
615 2889 690 2967 578.)
703 2890 818 2958 Albam,
830 2890 872 2944 roi
886 2889 934 2944 des
946 2887 1118 2956 lombarde,
1135 2887 1259 2943 sortitde

190 2977 218 3033 la
229 2978 371 3034 Pannonie
383 2978 437 3035 lea
452 2980 524 3035 avril
535 2978 588 3036 568
606 2998 678 3053 ponr
693 2989 788 3034 entrer
801 2977 869 3032 dans
887 2977 912 3031 la
926 2977 1060 3044 Venetie,
1080 2976 1214 3049 s'empara
1225 2974 1258 3029 de

190 3067 278 3124 Milan
290 3069 316 3124 le
328 3074 345 3137 4
357 3071 513 3144 septembre
524 3071 560 3126 de
576 3071 683 3126 l'annee
695 3070 833 3138 suivante,
847 3068 910 3142 puis
922 3066 992 3121 dela
1004 3066 1067 3137 plus
1081 3065 1188 3139 grande
1197 3083 1258 3138 par·
1300 3110 1302 3114 Α

191 3159 230 3213 tie
249 3158 284 3214 de
304 3159 416 3230 l’ltalie,
433 3161 548 3235 jusques
568 3171 598 3216 et
614 3180 632 3235 y
650 3161 770 3234 compris
790 3159 815 3215 le
836 3157 928 3212 duche
946 3155 981 3212 de
1001 3156 1153 3210 Benevent.
1174 3155 1258 3210 Notae

191 3258 290 3303 auteur
303 3249 366 3304 s'est
378 3260 536 3322 gravemcnt
547 3253 658 3323 trompe
671 3269 706 3304 en
717 3268 787 3304 nous
799 3249 959 3322 presentant
967 3246 1065 3300 Renolt
1074 3263 1184 3300 comme
1194 3262 1259 3299 con·

191 3336 348 3409 temporaiia
362 3336 397 3393 de
408 3339 558 3394 Justinien.
576 3338 616 3394 Ce
625 3339 723 3412 prince
733 3339 801 3394 etait
812 3347 887 3393 mort
899 3335 925 3391 le
943 3339 974 3402 re
986 3334 1138 3390 novembre
1150 3332 1212 3389 565.
1226 3333 1260 3386 La

193 3425 322 3482 dedicace
337 3426 373 3483 tle
385 3428 599 3503 Salute-sophie
615 3429 686 3484 avait
701 3447 736 3484 eu
749 3428 806 3483 lieu
823 3427 849 3482 le
866 3444 899 3501 ²7
912 3425 1060 3480 decembre
1074 3421 1139 3499 537
1154 3424 1260 3479 Cassio·

193 3513 261 3571 dore
272 3517 340 3571 etait
356 3528 431 3571 mort
447 3536 510 3572 sous
522 3518 548 3572 le
560 3519 703 3591 pontificat
718 3517 752 3573 de
762 3520 829 3574 Jean
846 3516 902 3580 111,
917 3532 978 3568 vers
989 3511 1056 3579 565,
1075 3511 1146 3566 dans
1162 3531 1200 3566 nn
1212 3510 1260 3582 ege

193 3606 250 3660 tres
258 3608 367 3661 aranee.
381 3606 438 3662 Son
454 3607 655 3663 commentaire
669 3627 719 3662 sur
729 3607 769 3662 les
783 3607 919 3660 Psaumes
932 3611 973 3656 est
985 3620 1020 3655 cn
1029 3600 1094 3655 effet
1105 3600 1165 3664 l’nn
1175 3599 1209 3655 de
1220 3614 1260 3652 ses

194 3696 359 3769 principanx
370 3714 514 3771 ouvrages.

228 3784 269 3855 (a)
286 3783 364 3839 Nous
376 3774 459 3840 a'vona
475 3786 569 3859 parle,
587 3784 656 3842 dans
669 3804 720 3841 nos
736 3794 815 3840 notes
832 3801 881 3838 sur
892 3782 919 3837 le
931 3782 999 3836 livre
1017 3789 1057 3848 1⁸¹,
1072 3779 1108 3834 de
1120 3776 1260 3836 Deris-le-

195 3869 284 3940 Petit,
298 3875 349 3946 qni
362 3887 476 3931 mourut
488 3895 524 3931 en
536 3873 599 3942 540.
614 3877 652 3931 le
663 3875 772 3932 celebre
785 3874 980 3949 grammairien
992 3872 1117 3926 Priscien
1137 3869 1260 3925 ssorisaait

196 3960 450 4034 {Constantinople
463 3981 523 4018 vers
535 3961 598 4020 525.
613 3967 714 4020 Arator
729 3965 810 4033 etait,
825 3981 932 4019 comme
942 3979 1012 4017 nous
1025 3959 1129 4014 l’avons
1142 3958 1203 4029 dejt
1214 3975 1258 4021 vn,

197 4051 406 4122 contemporain
419 4051 458 4105 du
472 4072 541 4126 pape
554 4055 658 4128 Vigila.
675 4056 753 4112 Saint
768 4054 880 4120 bennit,
901 4056 937 4108 ne
949 4071 984 4106 en
1006 4050 1073 4118 480,
1092 4051 1174 4122 apres
1192 4045 1261 4101 avoir

198 4137 288 4192 forme
305 4153 353 4191 son
371 4140 491 4208 premier
507 4141 710 4200 etablissement
727 4144 901 4216 monastique
918 4145 934 4196 e
951 4140 1067 4197 Subiaoo
1083 4137 1133 4194 des
1151 4143 1213 4212 697,
1234 4151 1264 4188 ³0
