2894 4958
185 426 245 486 ¹⁷0
459 418 645 482 HISTORIA
666 416 972 481 EchRSuSTICA.

184 542 298 616 frater
313 542 387 640 ejus
400 563 551 641 regnare
564 539 700 629 voluit,
719 539 783 615 sed
800 541 906 642 Hugo
923 520 1248 640 Magnus'liugonis

186 658 308 760 Magni
325 656 420 731 filius
437 673 564 730 contra
579 657 683 730 iilum
696 656 908 749 rebellavit,
927 672 965 731 et
981 655 1138 732 collecto
1153 682 1250 733 exer·-

187 776 261 850 oitu
278 776 445 877 copioso,
459 774 693 865 laudunum,
712 773 775 847 ubi
790 774 944 848 Karolus
962 799 1046 847 cum
1062 799 1179 848 uxore
1194 798 1250 847 sas

188 892 458 983 commanebat,
492 892 645 968 obsedit.
685 892 846 967 Tandem
884 892 944 967 itte
976 889 1183 993 indignatus
1211 889 1252 966 ds

188 1012 331 1085 civitate
353 1035 438 1082 cum
460 1009 605 1082 armatis
622 1009 810 1109 prosiluit,
837 1010 1027 1111 Hugonem
1049 1033 1137 1082 cum
1151 1032 1253 1082 exer*

189 1129 265 1203 eitu
277 1146 343 1201 suo
357 1125 528 1201 certando
544 1125 702 1226 fugavit,
717 1141 754 1200 et
766 1125 914 1227 mapalia
931 1151 1059 1199 eorum
1076 1121 1250 1198 incendit.
1303 1206 1305 1210 μ

190 1247 349 1321 Cernens
365 1244 485 1345 itaque
498 1244 604 1342 Hugo
620 1243 693 1316 dux
702 1297 713 1333 ,
734 1242 833 1344 quod
849 1238 1065 1317 fortitudine
1080 1238 1254 1315 Karolnm

189 1387 357 1462 superare
378 1386 455 1434 non
481 1374 622 1460 posset,
651 1360 841 1434 consilium
870 1359 953 1432 iniit
976 1372 1061 1431 cum
1084 1354 1255 1431 Asoeiino

190 1478 354 1555 Lauduni
370 1477 493 1553 vetulo
508 1477 680 1579 praesule,
702 1491 740 1551 et
761 1477 967 1552 consiliario
982 1474 1123 1550 Kamli.
1143 1476 1256 1550 Pom

191 1596 252 1670 itte
280 1595 419 1670 ordinis
449 1595 503 1668 sui
532 1610 569 1669 et
590 1596 727 1686 aetatis,
755 1595 1007 1697 contiguaeque
1036 1590 1103 1667 sibi
1128 1590 1256 1668 mortis

192 1713 402 1803 immemor,
431 1710 648 1812 Achitophel
671 1730 708 1788 et
732 1714 859 1786 Judam
878 1713 1060 1802 imitatus,
1079 1737 1159 1787 non
1176 1734 1258 1784 eru·

190 1829 274 1904 buit
288 1829 365 1904 fieri
382 1831 547 1906 traditor.
566 1830 686 1905 Noctu
700 1833 811 1920 enim,
826 1829 1091 1937 quiescentibus
1103 1827 1257 1919 cunetis,

193 1948 408 2022 Lsadunum
428 1949 590 2049 prodidit
603 1979 614 2040 ;
642 1965 679 2023 et
702 1953 807 2050 Hugo
831 1948 1006 2023 Karolum
1034 1974 1120 2021 oum
1149 1971 1259 2022 uxore

192 2094 268 2157 sua,
286 2065 454 2141 Herberti
468 2067 635 2141 videlicet
649 2068 791 2142 comitis
809 2068 1005 2141 Treearum
1018 2063 1105 2152 iiiia,
1123 2063 1257 2151 uinxit,

194 2199 232 2260 et
252 2185 456 2259 Aurelianis
478 2187 516 2258 in
542 2203 642 2261 turre
658 2186 810 2260 diutinae
836 2184 1008 2259 custodias
1028 2181 1257 2283 mancipavit.

194 2300 274 2376 lilio
290 2302 445 2377 Karolus
462 2302 552 2379 duos
569 2302 682 2395 filios,
701 2303 924 2378 Ludovicum
940 2319 977 2377 et
990 2300 1189 2388 Kar-olum,
1202 2325 1260 2401 ge-

196 2418 300 2508 nuit;
329 2434 367 2493 et
388 2420 517 2494 exinde
540 2422 729 2523 progenies
752 2417 875 2494 Karoii
900 2416 1019 2521 Magni
1044 2441 1199 2517 regnare
1225 2414 1261 2489 ia

196 2534 344 2606 Francia
359 2533 493 2634 desiit(
519 2537 546 2635 ).

199 2866 249 2905 son
261 2850 340 2922 ptris,
355 2849 383 2906 le
395 2850 413 2907 8
421 2851 485 2924 juin
496 2869 565 2927 979,
578 2862 693 2907 mourut
705 2850 731 2907 le
744 2868 774 2906 ar
792 2851 846 2906 mai
859 2849 928 2927 9873
941 2845 1095 2903 ilestdone
1106 2838 1265 2919 impossihb

199 2935 235 2992 de
243 2936 284 2993 lui
297 2950 423 3012 compter
433 2957 502 2995 onae
513 2958 562 2995 ans
571 2939 606 2996 de
616 2942 715 3015 regne,
727 2940 816 2995 meme
828 2938 941 3012 spartir
951 2936 986 2992 de
995 2953 1027 2990 ce
1036 2938 1265 2989 couronnement.

199 3024 223 3080 ΙΙ
236 3036 277 3081 est
286 3027 419 3100 probabis
430 3028 498 3103 qu'il
505 3048 524 3103 y
533 3048 600 3085 aura
610 3047 647 3084 eu
656 3029 853 3102 transposition
865 3026 901 3082 de
911 3025 1038 3093 chiffies,
1048 3034 1078 3079 et
1086 3019 1268 3097 quel'autenr

199 3116 271 3171 avait
282 3116 366 3173 voulu
382 3119 474 3191 parler
485 3117 521 3174 de
534 3119 604 3174 neus
616 3137 679 3188 ans,
693 3137 800 3175 comme
813 3136 863 3174 son
881 3116 965 3193 guide
982 3116 1099 3189 Hagnas
1114 3111 1152 3167 de
1163 3106 1266 3167 menn.-

200 3203 274 3260 C'est
286 3222 387 3261 encore
399 3224 438 3261 un
448 3225 483 3261 an
496 3207 531 3262 de
544 3218 617 3280 trop.
631 3209 711 3264 Cette
724 3226 821 3262 erreur
833 3216 875 3262 est
887 3214 998 3259 sartout
1011 3198 1186 3258 inexcusable
1198 3194 1270 3253 aab

200 3304 263 3366 part
274 3295 310 3350 de
322 3296 453 3371 Hugues,
472 3299 521 3372 qui
533 3299 646 3371 pouvait
656 3298 717 3353 voir
732 3297 799 3353 dans
814 3297 840 3353 le
853 3296 990 3352 chartrier
1003 3293 1100 3350 deson
1114 3289 1270 3346 monasth

201 3403 239 3439 un
257 3385 380 3459 dipldme
399 3388 552 3462 important
571 3389 606 3446 de
624 3389 722 3457 louis,
737 3398 850 3462 portant
866 3388 892 3442 la
912 3386 976 3442 date
994 3385 1118 3440 spirante
1138 3404 1145 3435 ε
1168 3380 1272 3436 Aetam

204 3476 374 3549 compendio
384 3479 492 3552 palatio
502 3482 577 3553 regis
586 3499 660 3535 anno
671 3478 774 3535 (lamia
789 3482 897 3534 incarn.
910 3482 1115 3541 accessurum,
1124 3473 1222 3546 prirna
1229 3466 1272 3525 dit

202 3564 385 3622 ordinationis
396 3571 483 3640 ipsius
496 3570 692 3642 gloriosissimi
704 3571 788 3642 regis.

237 3658 275 3728 (ι)
293 3658 408 3714 Charles
428 3659 464 3716 de
485 3660 605 3730 smne,
630 3659 685 3716 duc
705 3659 741 3714 de
760 3657 911 3725 Lorraine,
932 3654 1028 3711 n’dtait
1046 3650 1127 3725 point
1145 3647 1223 3704 fresa
1240 3643 1275 3701 ds

204 3744 286 3800 Louis
296 3746 334 3813 V,
345 3766 453 3804 comme
461 3749 487 3804 le
497 3748 539 3806 dit
549 3760 628 3806 notre
638 3758 737 3804 auteur
746 3747 854 3820 d’apris
862 3746 979 3819 linguas
988 3742 1024 3796 de
1035 3739 1146 3806 Fleuris
1156 3734 1229 3791 Μ’
1237 3730 1275 3789 ‘¹⁸

205 3835 247 3890 roi
265 3835 404 3894 Lethaire.
419 3840 535 3915 Hagnas
546 3841 634 3916 Capet
648 3841 691 3895 n’a
705 3838 817 3913 janrais,
837 3855 893 3911 que
905 3851 976 3890 nous
989 3830 1131 3897 sachions,
1150 3827 1235 3903 porte
1249 3822 1277 3880 la

206 3941 272 3977 nom
284 3923 319 3979 de
330 3926 445 3996 Grand,
461 3928 673 3985 exclusivement
683 3929 806 3985 attribue
818 3929 834 3981 a
845 3944 895 3981 son
904 3926 978 3999 pere.
990 3923 1030 3979 Ce
1044 3916 1127 3976 fuste
1143 3912 1276 3973 sandradi

206 4010 306 4066 saint3
318 4014 386 4070 avril
397 4033 459 4091 991,
471 4008 633 4093 ou‘Asoelin
641 4037 678 4074 ou
687 4017 862 4084 Adalberom
875 4014 979 4088 evaque
988 4010 1023 4067 de
1032 4011 1121 4077 Leon,
1133 4005 1175 4062 lui
1185 4002 1279 4060 onvrit

206 4098 245 4152 les
258 4110 350 4172 portes
362 4102 398 4159 de
409 4115 482 4161 oette
495 4106 568 4162 ville.
588 4109 680 4182 Agnes
697 4105 732 4162 de
747 4102 948 4171 vermandois,
963 4098 1108 4155 deuxiime
1125 4093 1232 4151 femme
1243 4089 1278 4147 ds

206 4187 337 4260 Charias,
354 4193 422 4248 e'tait
433 4211 468 4249 en
477 4195 541 4251 effet
553 4195 608 4252 fille
619 4195 768 4253 d’Herbert
780 4195 836 4263 ΙΙΙ,
851 4201 943 4248 comte
954 4188 989 4245 de
999 4181 1203 4251 vermandois,
1216 4196 1278 4237 soa-
