2894 4958
569 404 686 465 LIBER
708 404 866 465 PRIMUS.
1192 407 1253 466 137
1287 408 1293 415 '

182 523 338 601 collatus
368 548 452 595 cum
480 523 557 597 aliis
583 548 655 595 nxx
681 525 899 625 martyrium
929 523 1136 624 complevit.
1166 524 1254 598 Mox

183 642 309 715 tunica
331 642 406 739 ejus
429 637 737 741 indutusquidam
755 639 997 716 daemoniacus
1015 655 1159 712 curatus
1186 655 1252 714 est.

183 761 327 832 Interea
339 757 595 858 superveniens
606 784 690 831 cnm
706 759 865 833 exercitu
876 759 1059 833 Heraclius
1072 759 1254 859 princeps,

185 877 304 953 Persis
320 902 404 948 cum
421 875 498 950 filio
515 874 699 951 Chosdroe
717 878 911 978 superatis,
931 875 1175 966 Christianos,
1193 876 1256 977 qui

187 993 357 1092 captivati
368 1008 485 1078 erant,
496 991 689 1092 gaudentes
698 993 902 1084 reduxit,et
913 1007 1045 1067 sanctae
1056 994 1172 1067 crucis
1186 992 1259 1092 lig-

186 1107 980 1212 numJerosolymisreportavit(1).Reliqniae
987 1109 1261 1211 beatimartyris

186 1226 366 1303 Anastasii
385 1227 507 1326 primo
523 1230 785 1303 monasterium
803 1254 932 1319 suum,
954 1227 1083 1304 deinde
1108 1230 1262 1301 Romam

187 1347 369 1434 advectae,
396 1362 618 1420 venerantur
636 1349 681 1421 'in
704 1349 926 1423 monasterio
944 1345 1041 1422 beati
1059 1347 1161 1420 Pauli
1182 1370 1264 1446 apo·

188 1461 278 1538 stoli
288 1515 301 1561 2
318 1462 418 1564 quod
431 1462 567 1536 dicitur
580 1464 634 1537 ad
649 1467 782 1566 Aquas
800 1448 950 1541 Salvias
970 1466 986 1567 (
1011 1466 1040 1563 ).

242 1581 353 1654 Anno
371 1582 474 1682 regni
497 1581 653 1655 Heraclii
676 1594 774 1672 xv1⁰,
798 1582 996 1657 indictione
1010 1597 1088 1672 xv·,
1104 1579 1265 1655 Eduinus

192 1695 511 1771 excellentissimus
529 1724 602 1771 rex
638 1698 841 1798 Anglorum
868 1700 909 1771 iu
938 1699 1126 1772 Britannia
1152 1714 1267 1770 trans-

193 1811 408 1887 humbranae
437 1816 555 1915 gentis
583 1815 629 1887 ab
659 1816 848 1918 atprilone,
893 1816 1044 1889 Paulino
1077 1815 1265 1915 episcopo,

193 1957 305 2033 quem
319 1928 364 2004 de
381 1930 508 2005 Cantia
523 1930 738 2006 venerabilis
755 1933 877 2006 Justus
894 1930 1182 2032 archiepiscopus
1199 1930 1268 2001 mi-

193 2064 310 2138 serat,
336 2047 555 2148 praedicaute
571 2048 726 2123 verbnm
741 2049 864 2122 salutis
887 2075 971 2122 cum
994 2075 1055 2122 sua
1072 2065 1179 2150 gente
1194 2073 1270 2120 sus·

195 2165 307 2266 oepit,
319 2190 416 2239 anno
432 2163 580 2266 quidem
591 2167 695 2266 regni
711 2167 766 2239 sui
784 2177 853 2255 x1⁰,
870 2164 1044 2240 adventus
1062 2179 1184 2239 antem
1198 2160 1270 2235 An·

194 2279 344 2383 giorum
361 2281 400 2354 in
417 2281 644 2355 Britanniam
660 2282 742 2383 plus
756 2283 877 2356 minus
890 2308 988 2357 anno
1005 2307 1147 2370 cnxxx,
1166 2280 1271 2381 eique

195 2398 353 2474 Paulino
367 2398 488 2474 sedem
504 2401 728 2501 episcopatus
747 2399 904 2474 Eburaci
922 2401 1085 2474 donavit.
1105 2400 1171 2473 Cui
1187 2425 1273 2500 pro-

196 2515 297 2592 fecto
310 2516 385 2617 regi
400 2516 439 2589 in
451 2517 650 2617 auspicium
660 2535 825 2592 venturae
836 2518 917 2593 fidei
931 2535 969 2591 et
980 2518 1084 2619 regni
1098 2517 1268 2606 coelestis,

197 2645 357 2733 potestas
379 2656 527 2733 quoque
549 2633 685 2707 terreni
710 2649 871 2708 creverat
895 2635 1019 2734 regui3
1052 2635 1099 2705 ita
1124 2648 1167 2706 nt
1187 2632 1273 2705 uni-

198 2774 324 2825 versos
348 2749 547 2822 Britannice
571 2747 661 2825 fines
689 2749 809 2851 [quod
830 2777 939 2825 nemo
962 2750 1166 2851 Anglorum
1188 2763 1273 2823 ante

201 2867 324 2966 enm],
343 2893 415 2968 qua
431 2866 488 2940 vel
504 2867 666 2967 ipsorum
675 2920 687 2957 ‚
705 2867 762 2941 vel
781 2867 973 2942 Britonum
991 2883 1114 2968 gentes
1133 2864 1275 2938 habita-

200 2984 307 3075 bant,
320 2982 537 3059 subditione
547 2985 737 3085 acciperet.
751 2986 808 3060 Eo
821 3003 985 3086 tempore
998 3000 1166 3058 exortum
1179 2983 1274 3083 apud

203 3101 332 3176 Scotos
347 3101 383 3173 in
396 3098 648 3175 observatione
657 3098 800 3174 Paschae
813 3125 975 3174 errorem
988 3099 1173 3174 Honorius
1185 3124 1274 3198 papa

201 3242 271 3317 per
281 3216 471 3316 epistolam
483 3215 681 3318 redarguit.
696 3215 765 3290 Sed
775 3218 990 3305 etJoannes,
1006 3217 1069 3318 qui
1080 3214 1273 3289 successori

204 3338 281 3437 ejus
304 3335 477 3409 Severino
503 3337 691 3425 successit,
720 3361 805 3407 cum
828 3334 943 3408 adhuc
961 3351 1051 3409 esset
1078 3335 1211 3408 electus
1237 3334 1275 3405 in

206 3450 462 3552 pontificatum
470 3505 482 3540 ,
496 3478 566 3551 pro
576 3452 702 3526 eodem
712 3449 842 3524 Pascha
854 3451 1018 3526 eissimui
1028 3504 1039 3539 ,
1051 3467 1166 3550 etpro
1177 3449 1276 3522 Pela-

208 3570 312 3670 giana
328 3567 456 3643 haeresi
464 3622 476 3659 ,
491 3595 574 3672 quae
590 3568 686 3671 apud
701 3594 763 3643 eos
778 3566 1033 3658 reviviscebat,
1049 3566 1221 3666 scripsit(
1244 3566 1274 3663 ).

240 3834 279 3904 (ι)
297 3829 326 3903 (5
334 3832 448 3887 octobre
459 3830 560 3887 διο-ιι
575 3833 676 3889 ferrier
688 3832 762 3905 641).
777 3834 814 3888 Le
823 3843 943 3908 nrartyre
955 3832 991 3888 de
1003 3833 1075 3888 saint
1088 3834 1220 3888 Anastase
1229 3843 1278 3888 eut

205 3920 263 3977 lien
274 3921 302 3977 le
320 3938 354 3976 aa
364 3923 472 3994 janvier
487 3921 549 3979 628.
563 3925 601 3978 La
613 3924 728 3980 victoire
743 3924 916 3981 d’Heracliue
934 3942 983 3979 sur
994 3924 1133 3980 chosroes
1145 3934 1187 3979 est
1198 3922 1234 3978 de
1251 3922 1278 3978 la

208 4010 293 4067 finde
306 4011 373 4087 ὂψ
387 4012 456 4066 mais
468 4011 508 4068 les
518 4013 616 4087 captiss
629 4025 658 4069 et
670 4013 711 4069 les
723 4013 844 4091 reliques
855 4033 891 4070 ne
903 4015 1045 4070 revincent
1057 4013 1140 4089 qn’en
1153 4012 1215 4070 628.

241 4104 279 4173 (a)
297 4101 459 4158 saint-Paul
471 4102 539 4158 hors
550 4103 589 4159 les
601 4123 688 4161 mun.

242 4190 280 4267 (ὃ)
298 4191 414 4266 Edwin,
430 4193 472 4249 roi
486 4193 521 4248 de
534 4193 792 4252 Nerthumberland
802 4193 958 4270 (617-655),
974 4195 1019 4251 sut
1029 4196 1134 4268 baptist}
1146 4213 1195 4267 par
1208 4194 1277 4249 Pau-
