2894 4958
183 397 243 464 ⁴14
459 348 642 459 nssronh
664 390 969 458 secessuum.

184 519 310 595 diebus
337 541 440 592 xxiv.
466 516 574 590 Multi
600 541 643 590 ex
670 516 770 591 clero
793 543 814 589 u
837 516 1097 592 commuuione
1120 519 1198 616 ejus
1223 544 1257 592 se

186 636 465 724 subtraxerunt,
484 635 568 735 qnia
586 632 732 708 volebat
745 631 937 709 Aebutium
954 634 1047 708 elsm
1063 660 1253 723 revocare3

186 752 246 829 sed
263 780 337 827 non
357 754 500 853 potnit,
519 753 602 853 quia
620 751 683 825 Dei
702 767 796 824 nutu
813 776 1000 850 percussus
1016 767 1084 826 est.
1103 753 1256 852 Episco-

185 895 252 969 pos
275 892 326 943 xx
350 867 583 942 consecravit.
610 868 651 940 ln
674 864 818 940 basilios
836 867 956 941 Sancti
979 868 1078 942 Petri
1103 869 1255 968 apostoli

187 1004 270 1060 x111⁰
280 985 353 1059 kal.
367 983 565 1060 decembris
577 985 738 1085 sepultus
747 1001 814 1074 est,
829 1000 866 1060 ct
875 987 1022 1060 cessavit
1033 988 1255 1087 episcopatus

184 1101 310 1177 diebus
326 1103 394 1200 ιν(
419 1102 449 1199 ).
906 1134 909 1142 ·

236 1218 472 1320 Symmachus
494 1216 641 1306 Sardus,
658 1245 702 1292 cx
718 1233 820 1318 patre
839 1219 1062 1305 Fortunato,
1081 1219 1177 1293 sedis
1192 1236 1256 1291 ro-

186 1337 244 1409 nis
259 1361 309 1409 xv
327 1334 511 1409 mensibus
523 1359 576 1407 νιι
589 1331 714 1408 diebus
731 1358 854 1421 xxvn,
869 1331 1083 1408 Theoderici
1097 1335 1155 1433 (2)
1167 1334 1257 1436 regis

186 1467 223 1524 et
239 1450 412 1524 Anastasii
431 1450 582 1551 Augusti
601 1463 776 1548 tempore.
792 1451 860 1521 llic
872 1446 939 1521 sub
956 1449 1165 1522 intentione
1177 1468 1256 1522 cum

185 1571 383 1643 laurentio
404 1567 586 1642 Nucerino
603 1567 772 1667 episcopo
786 1564 973 1640 onlinulus
987 1580 1061 1654 est;
1086 1567 1149 1640 sed
1162 1567 1257 1666 jndi-

187 1688 245 1760 cio
263 1684 474 1760 Theoderici
488 1685 563 1784 (5),
582 1685 666 1784 quia
683 1686 785 1782 prius
802 1697 840 1756 et
854 1708 873 1753 a
889 1682 1016 1782 majori
1039 1698 1145 1782 parte
1164 1682 1258 1756 ordi-

187 1818 292 1876 natus
305 1803 452 1891 fuisses,
472 1803 509 1874 in
528 1799 609 1876 sede
625 1798 820 1899 apostolica
837 1798 1071 1872 confirmatus
1088 1815 1157 1872 cst.
1177 1799 1259 1872 Post

187 1920 387 1993 triennium
401 1945 487 1993 vero
508 1944 552 1991 ex
572 1917 706 1990 invidia
718 1917 965 1991 Romanorum
982 1915 1074 1990 falso
1091 1918 1259 1989 incrimi-

187 2052 292 2109 natus
309 2053 383 2125 est,
402 2051 438 2108 et
454 2035 580 2108 Petrus
601 2033 736 2106 Altinae
754 2033 907 2105 civitatis
927 2030 1116 2132 episcopus
1133 2049 1258 2108 contra

188 2176 342 2226 canones
375 2148 494 2225 sedem
529 2148 763 2248 apostolieum
793 2148 935 2220 invasit.
970 2149 1075 2220 Tunc
1104 2144 1259 2220 nimium

187 2268 339 2343 schisma
353 2268 390 2340 in
401 2266 558 2348 Ecclesia
569 2265 706 2339 fuctum
719 2281 790 2354 cst,
802 2280 840 2338 et
851 2264 967 2339 clerus
980 2267 1115 2338 iterum
1128 2266 1258 2338 divisus

188 2368 250 2458 est.
267 2382 501 2484 Symmachus
514 2409 623 2481 papa,
640 2380 780 2481 synodo
793 2397 979 2483 aggregata
992 2406 1065 2456 cxv
1078 2383 1260 2482 episcopo·

187 2525 293 2587 rum,
314 2516 484 2599 purgatus
501 2510 572 2585 ess,
593 2512 630 2572 et
645 2499 772 2572 Petrus
790 2499 929 2572 Altinae
951 2499 1096 2573 invasor
1113 2515 1260 2600 aposto-

187 2617 267 2692 lieae
301 2614 392 2690 sedis
421 2642 462 2689 uc
494 2616 706 2688 Laurentius
739 2616 941 2690 Nucerinus
968 2616 1128 2690 damnati
1163 2633 1257 2690 sunt.

188 2735 294 2807 Tunc
316 2729 362 2804 ab
383 2729 553 2806 omnibus
575 2732 750 2832 episcopis
773 2748 809 2808 et
832 2734 934 2807 omui
955 2734 1052 2808 clero
1075 2735 1134 2808 vel
1159 2733 1259 2834 plebe

188 2845 423 2949 Symmachus
452 2846 547 2945 apud
576 2845 722 2920 beatum
753 2847 901 2929 Petrum
927 2874 1011 2920 cum
1042 2848 1161 2949 gloria
1191 2848 1257 2923 sedi

187 2966 394 3066 apostolieae
411 2964 673 3063 redintegratus
689 2979 755 3037 est.
770 2965 893 3057 Festus
908 2979 1029 3038 autem
1041 2981 1152 3067 caput
1164 2993 1260 3042 sena·

189 3096 247 3153 tus
263 3096 301 3154 et
316 3078 496 3153 Probinus
509 3079 716 3153 exconsules
728 3080 768 3152 in
784 3078 875 3152 urbe
889 3106 973 3153 cum
986 3081 1064 3152 aliis
1081 3084 1256 3156 senatori-

186 3199 254 3273 bus
283 3220 444 3299 pugnare
475 3215 689 3297 coeperunt,
724 3213 760 3270 et
792 3222 917 3272 omnes
946 3196 1007 3299 qui
1039 3199 1255 3300 Symmacho

221 3536 261 3607 (r)
278 3536 325 3606 (24
337 3531 486 3589 novembro
499 3532 600 3608 49617
614 3533 763 3590 novembre
775 3534 850 3608 498.)
863 3535 940 3590 Nous
952 3553 1035 3590 avons
1047 3535 1167 3610 indique‘
1179 3535 1254 3591 l'em·

186 3623 412 3699 placementdela
420 3623 517 3697 re'gion
528 3624 618 3696 Capul
627 3625 905 3700 Tauri.Toutceque
910 3625 1254 3702 notoeauteurdltd’aprbs

185 3712 212 3767 le
229 3712 404 3787 Pontificalsir
417 3711 494 3781 liber,
506 3711 572 3767 d'uu
585 3712 704 3768 schisma
716 3712 800 3768 fonde
814 3731 862 3769 snr
877 3713 904 3768 le
916 3713 991 3770 desir
1004 3714 1040 3771 de
1052 3733 1086 3770 ce
1097 3731 1170 3790 prpe
1180 3715 1215 3772 de
1227 3732 1254 3771 se

187 3803 358 3876 rapprocher
366 3802 498 3870 (Pheraeo,
511 3802 581 3857 n'est
591 3803 694 3878 qu’une
708 3803 779 3859 lsble
790 3803 856 3859 bien
866 3803 945 3860 ianlle
956 3807 971 3859 i
983 3805 1100 3874 selum,
1113 3804 1209 3880 quand
1219 3822 1253 3860 on

186 3893 239 3946 salt
259 3892 395 3964 qu’Acace
416 3892 484 3946 e'tait
504 3903 579 3946 mort
599 3891 648 3946 des
669 3891 728 3965 489.
756 3892 833 3947 Nous
854 3893 966 3951 n'avons
987 3912 1037 3969 pas
1061 3897 1253 3952 mensiune

186 3981 366 4056 qu'Auastsse
379 3982 408 4035 11
420 3984 460 4036 ait
473 3984 517 4036 ete
526 3986 637 4039 enters&
650 3986 666 4039 h
678 3983 879 4041 saint-Piera.

221 4071 261 4143 (2)
279 4070 375 4125 Liscz:
395 4072 569 4127 Theudorici.

222 4158 261 4231 (5)
279 4160 371 4216 Mense
383 4160 567 4217 observation.
