2894 4958
567 458 685 521 LIBER
705 458 863 521 PRIMUS.
1207 462 1246 521 67

184 579 229 653 de
247 602 291 652 eo
306 577 369 676 qui
382 577 494 650 servis
510 576 582 648 suis
599 576 768 650 bonasus
786 575 933 651 tradidit
951 591 988 649 et
1003 602 1150 675 peregre
1166 603 1249 675 pro-

184 695 301 771 fectus
320 708 395 780 est,
416 691 460 766 de
479 690 635 767 adventu
651 692 734 767 Filii
754 692 911 768 hominis
928 694 966 770 in
986 697 1167 793 majestate
1180 721 1248 791 ‚sua

186 835 272 883 oum
288 806 422 909 angelis
442 809 536 896 suis;
560 807 606 881 de
621 808 864 916 segregatione
884 809 1010 882 ovium
1024 836 1045 880 a
1061 808 1196 882 dextris
1214 826 1251 882 et

186 923 378 999 baedorum
400 923 605 1011 aainistris3
626 922 670 996 de
688 921 932 997 retributione
946 922 1190 1023 reproborum
1214 925 1252 997 in

187 1040 406 1141 supplicium
432 1056 609 1114 aeternum
630 1054 668 1113 et
693 1040 984 1115 remuneratione
1005 1045 1189 1139 justorum
1214 1043 1252 1113 in

188 1158 300 1230 vitam
317 1173 490 1230 aeternam
507 1157 801 1256 consummarit(
825 1158 855 1254 ).
1250 1240 1252 1244 v

227 1272 342 1354 xvl,
356 1272 474 1347 Prima
486 1272 545 1346 die
563 1298 772 1373 azymorum
786 1290 1011 1348 assesserunt
1027 1274 1193 1374 discipuli
1212 1274 1256 1346 ad

189 1392 326 1479 lesum,
341 1388 524 1464 dicentes:
541 1389 614 1464 Ubi
629 1393 687 1464 uis
699 1417 871 1491 paremur
886 1391 953 1464 tibi
962 1392 1149 1465 comedere
1163 1394 1258 1465 Pas·-

192 1504 295 1582 aba?
311 1507 360 1580 At
382 1507 457 1606 ipae
479 1507 571 1581 dixit
587 1509 696 1583 Petro
713 1525 751 1583 et
772 1508 903 1582 Joanni
924 1537 931 1579 τ
950 1510 1007 1581 Ite
1023 1511 1063 1581 in
1079 1511 1260 1584 ct'vitatem

192 1624 249 1697 ad
265 1623 472 1724 quemdam,
493 1651 599 1724 quem
614 1624 720 1716 uobis
740 1624 1033 1700 demonstraverit
1049 1627 1175 1718 bonta,
1198 1630 1263 1728 qui

192 1737 299 1814 uobis
324 1740 520 1812 occurrerit
543 1739 715 1839 lagenam
737 1766 846 1839 aquce
861 1757 1030 1841 portans.
1057 1740 1263 1840 Sequimini

193 1882 279 1929 eum
295 1859 334 1929 in
349 1854 497 1929 domm
511 1860 549 1929 in
569 1883 679 1955 quarn
699 1859 832 1945 intrat,
856 1877 896 1929 et
905 1856 1035 1932 dicetis
1042 1857 1263 1961 patrifami-

195 1971 428 2047 liasdamu's:
445 1972 517 2046 [lbi
526 1990 579 2046 est
592 1973 841 2064 diversorium,
861 1973 926 2046 ubi
933 1973 1086 2047 Pascha
1096 2002 1179 2048 cum
1186 1974 1264 2048 dis·

134 2129 141 2147 ·
197 2091 332 2194 capulis
348 2094 438 2164 meis
458 2088 705 2165 manducem?
723 2093 776 2164 Et
793 2094 872 2192 ipse
888 2089 992 2164 uobis
1012 2090 1176 2165 ostendet
1192 2118 1264 2165 εω-

197 2205 372 2280 naculum
398 2232 572 2305 magnum
599 2223 771 2295 stratum,
800 2223 834 2278 et
861 2205 913 2279 ibi
931 2224 1079 2307 parate.
1109 2208 1262 2295 Euntea,

199 2466 286 2540 pere
312 2440 427 2528 lacto,
458 2467 541 2513 eum
567 2467 619 2514 xu
648 2443 766 2530 venit,
794 2458 831 2513 et
858 2438 1167 2515 discumbentibus
1197 2436 1272 2514 itlis'

198 2557 294 2631 dixit
314 2588 323 2629 :
346 2556 539 2630 Desiderio
560 2557 767 2631 desiderari
782 2556 852 2630 boc
872 2557 1026 2630 Pascha
1041 2556 1268 2630 martducme

199 2673 392 2749 uobiscum
414 2688 612 2773 antequam
632 2678 774 2776 patiar.
802 2674 900 2746 Dico
923 2675 1020 2745 enim
1045 2673 1149 2747 vobis
1179 2675 1268 2772 quia

201 2815 249 2862 esc
275 2789 346 2862 boa
369 2815 442 2862 non
467 2789 702 2862 manducabo
727 2789 839 2878 illud,
868 2788 985 2861 donec
1010 2789 1205 2888 impleatur
1230 2790 1269 2860 in

201 2932 315 3008 regno
332 2907 403 2979 Dei
414 2908 487 3006 (a)
505 2904 710 2980 Secundum
723 2907 917 2994 Joannem,
932 2930 1038 2979 coena
1055 2905 1166 2994 facta,
1185 2930 1269 2976 aum

202 3023 368 3100 diabolus
389 3028 464 3124 jam
486 3025 638 3099 misisset
666 3025 704 3097 in
727 3049 792 3098 cor
817 3039 858 3096 nt
883 3023 1039 3098 traderet
1060 3049 1143 3096 eum
1163 3021 1270 3094 Judas

202 3139 363 3214 Simonis
381 3140 592 3230 Smriotbis3
617 3141 731 3214 sciens
751 3140 835 3241 quia
856 3141 978 3214 omnia
995 3137 1093 3212 dedit
1114 3140 1146 3213 ei
1169 3153 1272 3245 pater

205 3257 244 3330 in
261 3284 390 3330 manus
398 3311 411 3349 ,
429 3273 466 3331 et
480 3258 565 3359 quia
581 3284 599 3329 a
617 3259 696 3331 Deo
709 3258 820 3331 exirit
831 3272 867 3330 et
880 3256 924 3330 ad
937 3257 1135 3331 Dominum
1154 3254 1270 3342 radit,

206 3374 322 3472 surgit
342 3400 363 3444 a
383 3399 489 3447 ooena
510 3389 547 3448 et
562 3374 668 3472 ponit
685 3374 896 3448 vestimenta
915 3400 990 3445 sua.
1011 3375 1060 3446 Et
1080 3397 1166 3444 oum
1181 3396 1275 3445 acce·

207 3487 317 3586 piaset
332 3486 509 3577 linteum,
528 3490 720 3589 praecinxit
736 3478 786 3562 sess
805 3489 942 3563 Deinde
958 3488 1074 3561 mittit
1089 3513 1217 3588 aquam
1236 3486 1274 3558 in

211 3603 366 3701 pelvim,
384 3620 426 3701 ¹et
443 3606 560 3705 coepit
571 3606 688 3679 lavare
700 3605 807 3704 pedes
825 3603 1085 3704 discipulorum
1107 3618 1145 3676 et
1160 3616 1277 3676 exter·

209 3743 293 3816 gere
304 3717 418 3794 linteo
428 3775 438 3812 ,
450 3745 526 3820 quo
537 3736 614 3794 erat
624 3720 853 3820 praecinctus.
869 3722 1064 3820 Postquam
1075 3715 1279 3817 laritpedes

213 3859 341 3911 eorum
366 3850 402 3910 et
426 3838 564 3937 accepit
590 3838 801 3914 vestimenta
833 3863 917 3926 sua,
951 3863 1034 3910 cnm
1059 3834 1281 3912 recubuisset

211 4178 214 4182 Α
248 4125 287 4195 (ι)
304 4124 407 4180 anuh.
421 4141 494 4193 mv,
507 4122 557 4204 δα,
574 4122 626 4191 53;
640 4143 708 4192 xxv;
725 4127 792 4189 lanc.
805 4143 864 4194 m,
880 4128 981 4201 11-27?
993 4127 1074 4195 -(a)
1087 4124 1187 4180 Marah.
1206 4139 1281 4189 uvi,

221 4213 416 4287 17-203blarc.
432 4232 485 4279 ην,
505 4215 680 4288 12-17;tuc.
697 4232 763 4284 rna,
778 4213 854 4290 7-16.
