2894 4958
563 465 680 526 uranu
701 464 858 526 ruinas.
1205 474 1242 531 17
1357 552 1361 560 .

184 586 385 690 phurnaum
393 639 405 674 ,
424 609 505 686 quae
519 584 613 657 nilla
621 583 870 687 pulcherrima
886 584 1155 682 interpretatur,
1174 613 1244 688 qua

185 704 329 778 ecclesia
345 701 563 803 designatur.
590 701 764 775 Nazareth
788 700 939 802 quippe,
967 702 1061 775 unde
1082 703 1244 778 Christus

184 819 360 894 Nazareus
375 817 491 891 dictus
504 833 575 906 est,
595 818 634 890 in
647 817 791 892 Galilaea
804 820 905 916 juxta
916 833 1079 891 montem
1092 819 1245 897 ,Thabor

184 937 324 1010 viculus
341 951 406 1009 eat.
425 932 673 1035 capharnaum
685 959 771 1007 vero
788 932 962 1034 oppidum
976 949 1028 1007 est
1045 935 1082 1007 in
1099 934 1244 1011 Galilaea

184 1055 347 1156 gentium
356 1056 458 1152 juxta
475 1067 639 1152 stagnum
658 1049 814 1124 Genesar
829 1051 957 1142 situm,
974 1051 1013 1122 in
1031 1049 1163 1124 finibus
1175 1054 1246 1126 Za-

185 1168 302 1246 bulon
318 1184 355 1244 et
370 1167 572 1269 Neptalim,
592 1166 654 1239 ubi
673 1167 788 1268 prima
807 1166 990 1274 captivitas
1009 1165 1245 1244 Hebraeorum

184 1287 278 1360 facta
306 1285 377 1359 fuit
406 1283 452 1357 ab
480 1285 632 1385 Assyriis
661 1284 732 1382 (1).
765 1282 929 1373 Exinde,
963 1284 1000 1355 id
1033 1301 1085 1358 est
1115 1286 1247 1363 tradito

101 1456 104 1460 ι
186 1405 345 1492 Joanne,
372 1404 485 1501 coepit
508 1403 607 1475 Jesus
631 1399 842 1501 praedicare,
868 1403 952 1502 quia
972 1419 1136 1477 evacuata
1159 1430 1247 1480 voce

186 1521 350 1620 sequitur
366 1517 517 1592 verbum
525 1571 537 1606 ,
556 1533 593 1592 et
609 1516 792 1591 desinente
803 1519 885 1618 'lege
898 1521 1059 1618 sequitur
1079 1521 1247 1623 Evange-

186 1635 298 1724 lium,
319 1651 361 1707 ut
381 1635 434 1708 sol
456 1633 636 1707 auroram.
656 1636 934 1725 Paenitentiam,
960 1636 1100 1736 inquit,
1121 1641 1220 1738 agite
1230 1674 1247 1727 ;

188 1753 497 1855 appropinquavit
508 1753 604 1824 enim
618 1777 768 1850 regnum
785 1751 957 1823 coelorum
976 1753 992 1849 (
1017 1754 1047 1849 ).

235 1866 434 1942 Ambulans
450 1868 548 1940 Jesus
560 1869 661 1965 juxta
680 1891 779 1939 mare
795 1864 967 1954 Galilaeae,
983 1866 1167 1940 Simonem
1184 1871 1249 1943 Pe-

113 1968 120 2066 ‚⁸
187 2002 308 2074 trum,
335 1997 371 2058 et
389 1981 570 2055 Andream
592 1980 859 2080 fratremejus,
884 1997 921 2054 et
946 1981 1039 2055 lilios
1062 1982 1246 2076 Zebedaei,

187 2100 360 2177 Jacobum
369 2117 405 2175 et
417 2101 611 2187 loannem,
623 2099 775 2171 vocavit.
789 2097 838 2170 At
851 2098 902 2170 illi
916 2100 1105 2190 continuo,
1117 2102 1250 2176 relictis
1305 2152 1308 2159 ·

187 2214 344 2305 retibus,
369 2214 479 2288 secuti
502 2229 585 2285 sunt
606 2238 702 2286 eum.
728 2208 853 2289 Simon
879 2213 1139 2314 interpretatur
1164 2218 1250 2292 obe-

188 2333 292 2407 diens
297 2367 314 2420 ,·
332 2335 457 2405 Petrus
477 2344 679 2431 agtaoscen's
687 2365 704 2418 ;
717 2329 877 2405 Andreas
881 2328 1015 2430 sortis,
1035 2334 1090 2408 vel
1105 2336 1249 2424 virilis,·

188 2449 340 2524 Jacobus
357 2449 615 2551 supplantator
620 2482 638 2535 ,·
653 2449 809 2522 Joannes
825 2450 900 2521 Dei
912 2454 1051 2550 gratia.
1072 2454 1250 2552 Interpre-

189 2569 343 2643 tationea
366 2567 444 2640 istae
469 2565 598 2638 sanctis
617 2563 913 2665 predicatoribus
930 2583 1010 2667 apte
1028 2587 1247 2669 congruunt.

189 2682 282 2755 Nam
295 2683 371 2756 sine
379 2679 582 2756 obedientia
591 2679 712 2752 nullus
722 2681 766 2753 ad
772 2681 969 2754 Dominum
979 2683 1104 2773 intrat,
1117 2684 1251 2785 absque

188 2795 404 2872 fortitudine
420 2795 541 2868 nullus
558 2811 777 2895 perseverat,
797 2813 833 2870 et
848 2797 909 2897 qui
923 2798 1009 2869 vitia
1025 2799 1249 2899 supplantat,

188 2917 254 2990 Dei
268 2915 392 3016 gratiae
407 2910 670 2987 omnebonum
687 2913 786 3013 quod
803 2911 908 2988 habet
921 2914 1074 2989 ascribat
1090 2918 1107 3015 (
1131 2918 1161 3016 ).

238 3031 421 3106 Gircuibat
445 3033 543 3105 lesus
567 3045 680 3104 totam
698 3029 902 3121 Galilaeam,
928 3030 1059 3107 docens
1084 3034 1121 3106 in
1145 3061 1253 3136 syna-

189 3152 289 3252 gogis
304 3176 433 3247 ¹eorum
453 3164 491 3223 et
514 3146 710 3248 praedicans
734 3135 968 3250 Evangelium
992 3151 1114 3250 regni,
1135 3166 1171 3225 et
1194 3179 1252 3224 sa-

191 3295 281 3341 nans
305 3293 451 3341 omnem
475 3265 685 3367 languorem
712 3281 749 3339 et
774 3292 920 3341 omnem
943 3265 1190 3339 infirmitatem
1213 3268 1251 3340 in

191 3383 341 3483 populo.
367 3383 413 3454 Et
429 3379 517 3454 abiit
540 3382 666 3481 opinio
689 3385 764 3482 ejus
790 3383 827 3454 in
850 3396 962 3455 totam
988 3383 1149 3481 Syriam,
1169 3409 1252 3484 quae

190 3501 290 3602 regio
307 3501 481 3601 pertingit
496 3497 541 3571 ab
555 3497 740 3599 Euphrate
753 3524 866 3599 usque
883 3498 926 3570 ad
939 3525 1037 3571 mare
1052 3526 1223 3599 magnum
1239 3557 1249 3590 ,

191 3643 211 3687 a
233 3616 454 3716 Cappadocia
474 3641 585 3715 usque
608 3615 652 3687 ad
670 3616 881 3715 AEgyptum.
910 3613 959 3686 Et
983 3611 1195 3689 obtulerunt
1218 3619 1250 3689 el

191 3758 317 3807 omnes
328 3734 420 3807 male
433 3729 602 3807 habentes
609 3786 621 3821 ,
636 3731 742 3804 variis
754 3729 985 3831 languoribus
1001 3733 1201 3805 animarum
1215 3750 1251 3806 et

226 4048 267 4118 (ι)
287 4047 385 4102 Matth.
405 4065 446 4115 n,
468 4044 565 4112 12-163
580 4046 665 4100 Marc.
680 4063 705 4113 ι,
721 4062 751 4100 ai
764 4067 772 4113 ;
786 4046 851 4100 Luc.
867 4063 909 4114 iv,
928 4043 971 4100 31.
985 4076 1021 4088 —
1033 4047 1072 4116 (a)
1086 4046 1185 4101 Matth.
1208 4065 1249 4116 iv,

196 4134 348 4210 175llarc.
371 4153 396 4204 ι,
414 4133 455 4190 ι5.
469 4130 557 4205 -(3)
568 4132 666 4189 nauh.
688 4150 729 4202 tv,
754 4132 851 4200 1S223
870 4133 954 4189 Maro
975 4152 996 4201 ι,
1021 4131 1194 4200 16-203Luo.
1216 4153 1249 4208 v,

193 4239 270 4281 2·1t.

267 4339 293 4389 1.
1086 4339 1106 4388 2
