2894 4958
503 420 507 425 “
533 411 649 473 LIBER
668 410 876 472 SECUNDUS.
1177 409 1237 470 39³

231 534 426 607 Pontianus
443 532 625 606 Romanus
645 531 733 605 sedit
751 532 854 603 annis
868 553 907 602 rx
924 527 1106 602 mensibus
1123 554 1146 599 v
1162 527 1239 601 die·

182 649 253 722 bus
270 674 296 720 ιι
306 702 317 735 ,
338 663 499 747 tempore
520 647 732 739 Alexandri,
752 671 862 747 aquo
885 647 923 719 in
941 643 1139 717 Sardiniam
1157 670 1240 717 cum

183 764 385 866 Hippolyto
400 763 613 864 presbytero
630 765 771 838 exulare
788 778 929 837 coactus
940 776 1007 836 est.
1028 762 1153 836 Tertio
1172 788 1241 833 au-

184 896 262 957 tem
277 881 348 954 lal.
371 880 576 954 novembris
593 879 783 955 defunctus
802 893 872 970 est,
889 895 925 953 et
942 878 1087 952 cessavit
1105 878 1243 977 cpisco-

185 1012 291 1096 patus
306 995 431 1070 diebus
449 997 502 1094 x(
525 998 553 1093 ).

238 1111 421 1187 Antheros
433 1111 580 1185 Graecns
593 1112 684 1186 sedit
694 1114 797 1185 annis
811 1137 864 1185 xu
880 1135 1025 1184 menses
1041 1108 1166 1184 diebus
1178 1133 1243 1180 ιιι.

187 1229 443 1328 Martyrizatus
460 1244 513 1303 est
536 1254 622 1302 vero
644 1245 700 1300 111⁰
725 1256 838 1304 nonas
849 1230 1023 1327 januarii,
1047 1243 1083 1301 et
1101 1225 1248 1300 cessavit

188 1343 411 1442 episcopatus
427 1342 553 1417 diebus
570 1368 634 1416 ιιιιι
653 1347 668 1441 (
692 1347 722 1444 ).

238 1459 415 1535 Fabianus
440 1461 622 1559 Romanus
647 1462 737 1536 sedit
764 1462 868 1535 annis
892 1485 954 1534 xlv
985 1457 1166 1534 mensibus
1196 1482 1246 1531 ιι.

189 1577 258 1650 Hic
280 1579 376 1653 inter
393 1593 518 1652 caeura
535 1578 627 1651 dixit
645 1610 654 1650 z
674 1579 884 1653 Concicium
905 1581 990 1651 irati
1002 1605 1076 1680 pro
1094 1602 1251 1670 accusa»

191 1697 285 1768 tione
311 1694 516 1768 babendum
540 1712 701 1769 nonest.
729 1695 856 1769 Omnis
880 1697 946 1795 qui
964 1697 1099 1767 crimen
1125 1690 1253 1791 objicit

180 1864 184 1869 -
187 1810 319 1912 probet
323 1868 336 1901 ,
356 1828 390 1884 et
406 1815 469 1911 qui
481 1839 554 1886 non
563 1812 789 1914 probaverit,
800 1814 1125 1914 patiaturpoenam
1142 1832 1253 1907 quam

185 1927 327 2023 irficrre
345 1927 475 1999 coluit.
492 1929 615 1999 Passus
633 1943 818 2001 astantem
835 1953 897 2001 xxv
913 1926 983 1999 kal.
1002 1924 1195 2010 februarii,
1217 1938 1254 1995 et

193 2043 340 2116 cessavit
354 2046 576 2143 episcopatus
591 2041 714 2116 diebus
728 2068 779 2116 vn
797 2044 814 2142 (
838 2046 864 2143 ).

243 2160 431 2234 Cornelius
449 2160 632 2234 Romanus
651 2159 741 2234 sedit
760 2163 863 2235 annis
881 2186 909 2234 11
932 2157 1113 2234 mensibus
1133 2183 1160 2230 11
1178 2156 1255 2229 die-

193 2272 261 2348 bus
280 2299 336 2347 ιιι.
358 2276 426 2346 llic
441 2275 687 2374 apostolorum
707 2303 857 2376 corpora
878 2294 1007 2379 rogatu
1028 2290 1158 2349 sanctae
1177 2276 1253 2347 Lu-

195 2392 286 2464 cinae
304 2407 415 2464 noctu
434 2390 575 2465 levavit.
595 2393 692 2467 Beati
711 2393 810 2467 Pauli
829 2421 958 2494 corpus
978 2395 1015 2467 in
1032 2393 1086 2466 via
1102 2391 1255 2467 Ostiensi

193 2509 333 2609 posuit,
352 2523 388 2581 et
402 2510 498 2582 Petri
518 2510 555 2582 in
575 2511 711 2610 templo
724 2511 919 2611 Apollinis,
937 2511 974 2583 in
989 2526 1113 2584 monte
1126 2534 1252 2595 aure0,

195 2625 233 2697 in
252 2624 426 2717 Vaticano
444 2625 616 2700 condidit.
642 2626 717 2700 Sub
735 2629 844 2702 Decio
863 2647 982 2704 autem
1003 2626 1255 2703 Centumcellis

195 2741 365 2816 exulavit.
395 2742 531 2816 Deinde
557 2745 711 2818 Romam
732 2745 925 2841 adductus,
951 2746 1072 2846 plures
1088 2745 1252 2831 salvavit,

195 2873 232 2930 et
243 2853 439 2929 decollatus
453 2874 505 2931 est
519 2875 623 2930 ιινιιι0
638 2859 708 2932 kal.-
727 2858 900 2949 octobris,
916 2876 952 2935 et
963 2861 1110 2933 cessavit
1123 2859 1256 2957 episco-

195 2989 300 3070 patus
324 2971 448 3046 diebus
477 2999 591 3048 xxxv.
615 2976 682 3047 Hic
700 2976 857 3050 decrevit
879 2992 922 3049 ut
947 2975 1161 3064 sacerdotes,
1185 2975 1254 3048 nisi

195 3113 265 3186 pro
283 3087 374 3181 fide,
393 3106 652 3164 sacramentum
672 3117 746 3166 non
764 3091 898 3165 faciant
915 3094 982 3191 (4).

195 3357 279 3431 qu'on
290 3358 382 3430 puisse
395 3361 529 3433 rtvoquer
537 3377 573 3414 en
586 3359 671 3416 doute
682 3379 732 3416 son
743 3362 896 3429 existence3
910 3364 979 3418 mais
988 3380 1030 3418 ses
1038 3374 1110 3418 actes
1119 3373 1256 3436 sontsup-

195 3448 291 3518 paces,
305 3456 336 3500 et
346 3446 419 3519 ilya
433 3446 467 3501 de
480 3447 564 3502 fortes
573 3451 678 3504 raisons
691 3449 726 3504 de
739 3451 829 3507 croire
837 3451 936 3526 qn’clle
948 3451 1086 3508 asoufl'ert
1098 3453 1124 3508 le
1137 3463 1257 3526 martyre

195 3552 231 3590 cn
244 3533 328 3591 Sicile
341 3533 389 3590 des
400 3535 526 3610 l’epoque
538 3536 573 3592 de
586 3538 787 3595 Marc-burele.

227 3626 268 3696 (ι)
286 3626 336 3696 (sa
354 3623 447 3696 juillet
465 3624 680 3684 abonovemhre
697 3628 771 3701 235.)
793 3631 831 3686 Ce
849 3629 919 3686 n’est
937 3632 1017 3704 point
1036 3650 1085 3704 par
1103 3630 1257 3688 Alexandre

194 3712 301 3779 Sostra,
316 3714 383 3767 mais
396 3732 446 3786 par
457 3712 483 3769 le
492 3714 582 3771 feroce
592 3716 740 3784 Maximin,
754 3735 804 3772 son
814 3736 980 3788 successam,
994 3730 1023 3774 et
1031 3739 1081 3793 par
1089 3722 1257 3794 consequent

194 3800 442 3871 posterieurement
454 3819 489 3856 au
500 3803 572 3857 mois
587 3802 622 3857 de
635 3822 708 3858 mars
719 3803 784 3871 235,
799 3824 854 3880 que
867 3807 939 3862 saint
954 3808 1072 3862 Pontica
1084 3806 1129 3862 lut
1140 3806 1210 3862 exile
1222 3825 1257 3862 en

195 3885 355 3960 sardsigne.

226 3979 267 4049 (a)
286 3975 333 4046 (23
346 3977 494 4034 novembre
507 3977 591 4036 stt-3
599 3982 706 4054 janvier
718 3981 791 4054 236.)

227 4064 267 4137 (3)
285 4068 330 4136 (ro
342 4067 449 4138 janvier
461 4067 562 4125 αδδ-ιο
575 4071 680 4141 janvier
695 4073 769 4143 250.)
872 4071 873 4075 ¹

228 4159 268 4226 (4)
285 4159 314 4227 (4
323 4157 386 4228 juin
400 4157 500 4227 251-14
514 4163 667 4234 septembre
679 4163 752 4236 252.)
766 4165 842 4220 Nous
854 4183 937 4220 avons
949 4165 1011 4238 deja
1023 4168 1145 4239 exprime
1155 4164 1256 4222 cides-
