2916 4958
205 413 267 475 206
480 412 663 474 HISTORIA
683 412 987 476 ucctmlasttcl.

207 530 433 631 stupentibus
451 534 607 625 cunctis,
626 533 690 632 qui
705 533 937 632 pertinaciam
950 536 1025 632 ejus
1041 551 1144 611 antea
1160 563 1271 614 nove·

204 660 306 736 rant,
320 646 408 719 dum
419 663 650 746 paternarum
663 647 897 723 traditionum
911 650 1062 749 amplius
1075 652 1269 729 aemulator

139 856 142 863 Ι
205 762 402 861 existeret(
426 764 453 858 ).
798 854 800 861 s

251 879 376 952 Saulus
401 879 517 952 multo
539 880 650 978 magis
668 879 955 974 convalescebat,
976 900 1011 956 et
1032 883 1175 959 Judaeos
1202 887 1265 987 qui

202 996 361 1068 Damasci
376 993 586 1068 habitabant
601 993 857 1069 confundebat.
872 998 1001 1096 Ingens
1019 1000 1129 1099 igitur
1141 999 1265 1075 odium

203 1129 327 1186 contra
348 1113 450 1185 illum
466 1139 534 1211 pro
552 1112 760 1185 testimonio
777 1111 872 1185 fideli
895 1116 1116 1189 concitatum
1135 1133 1212 1206 est,
1228 1102 1267 1193 et

201 1245 285 1327 post
300 1226 446 1329 aliquod
463 1242 601 1327 tempus
615 1254 633 1298 a
646 1226 790 1317 Judaeis,
804 1242 846 1298 ut
863 1227 1143 1320 interficeretur,
1161 1259 1266 1307 sum·

201 1370 349 1443 mopere
364 1345 534 1445 quaesitus
550 1359 621 1433 est,
641 1345 826 1444 portisque
842 1347 1000 1419 Damasci
1020 1348 1200 1439 custodia,
1218 1376 1266 1425 ne

201 1463 392 1564 effugeret,
411 1476 519 1536 nocte
530 1461 657 1561 dieque
673 1460 838 1560 deputata
854 1478 920 1537 cst.
937 1463 1108 1564 Discipuli
1127 1481 1262 1556 autem,

201 1581 285 1680 quia
304 1580 449 1654 hostiles
467 1580 603 1652 insidiae
622 1580 729 1653 Saule
743 1593 841 1652 notae
858 1580 962 1653 factae
977 1595 1081 1670 sunt,
1106 1582 1263 1655 inimicis

200 1694 331 1768 frustra
346 1694 613 1782 insidiantibus,
629 1722 711 1769 eum
724 1711 831 1769 nocte
844 1716 909 1795 per
924 1722 1071 1768 murum
1088 1697 1127 1770 in
1140 1712 1262 1795 sporta

200 1811 470 1885 summiserunt.
490 1813 532 1883 ln
548 1808 742 1884 Jerusalem
763 1836 846 1882 cum
863 1810 1036 1899 venisset,
1056 1813 1211 1912 jungere
1226 1838 1264 1886 se

200 1926 383 2027 discipulis
405 1927 583 2015 tentabat3
619 1928 679 1999 sed
701 1952 826 2002 omnes
853 1926 1027 2000 timebant
1053 1953 1154 2015 eum,
1184 1952 1262 2003 non

200 2045 383 2120 credentes
401 2047 483 2146 quia
499 2046 691 2144 discipulus
714 2059 815 2118 essct.
843 2042 1021 2117 Barnabas
1046 2070 1133 2117 vero
1156 2043 1262 2119 illum

199 2160 456 2261 apprehendit,
476 2160 520 2233 ad
538 2159 731 2259 discipulos
747 2159 869 2246 duxit,
895 2175 931 2232 et
947 2159 1132 2259 quomodo
1148 2161 1187 2232 in
1205 2160 1261 2235 vit

198 2277 341 2350 vidisset
355 2278 565 2365 Dominum,
579 2291 615 2349 et
627 2290 752 2348 caetera
764 2301 847 2376 quae
861 2277 1104 2377 contigerant,
1120 2276 1170 2350 eis
1180 2303 1261 2351 nar·

195 2392 303 2465 ravit.
328 2392 400 2464 lllis
423 2393 542 2493 itaque
568 2392 643 2465 Deo
670 2392 799 2492 gratias
819 2392 1006 2491 agentibus
1023 2391 1179 2467 fideliter
1193 2392 1261 2467 ad-

198 2511 321 2600 haesit,
354 2525 496 2584 etcum
522 2510 591 2583 illis
624 2510 763 2583 intrans
794 2524 830 2583 et
861 2510 1003 2597 exiens,
1041 2509 1078 2581 in
1108 2510 1260 2587 nomine

196 2627 343 2701 Domini
360 2629 442 2700 Jesu
459 2625 671 2700 fiducialiter
689 2627 774 2726 egit.
795 2625 884 2697 Cum
903 2623 1037 2697 Graecis
1054 2623 1260 2724 disputabat

197 2760 234 2818 et
244 2743 386 2820 Judaeos
396 2740 620 2834 revincebat,
631 2743 779 2843 Deoque
792 2742 1071 2815 adminiculante
1087 2740 1258 2819 omnibu·

195 2862 387 2936 eminebat.
408 2861 609 2935 luviclentcs
627 2885 713 2960 ergo
732 2860 956 2946 sublimiori,
974 2861 1150 2956 perimere
1163 2860 1258 2935 Sau-

195 2979 272 3050 lum
283 2979 367 3051 victi
381 2976 499 3050 conati
513 2991 610 3049 sunt.
623 2975 729 3068 Quod
742 2975 868 3048 fratres
882 2990 1155 3073 cognoscentes,
1172 3000 1256 3049 eum

194 3095 387 3169 Caesaream
396 3092 634 3181 deduxerunt,
643 3108 681 3165 et
693 3093 847 3164 Tarsum
858 3092 1084 3166 dimiserunt.
1095 3091 1256 3167 Ecclesia

194 3212 338 3313 quidem
356 3238 422 3311 per
438 3225 552 3283 totam
572 3210 729 3282 Judaeam
749 3227 787 3284 et
803 3208 985 3282 Galilaeam
1004 3225 1040 3283 et
1060 3210 1256 3285 Samariam

192 3353 317 3427 pacem
335 3325 498 3402 habebat.
516 3324 713 3399 Ambulans
730 3326 768 3398 in
786 3325 918 3399 timore
934 3326 1080 3399 Domini
1098 3325 1255 3400 aedifica-

193 3445 321 3533 batur,
350 3459 387 3519 et
415 3443 660 3518 consolatione
691 3441 847 3542 Spiritus
874 3443 992 3516 Sancti
1023 3442 1251 3542 replebatur,

190 3581 297 3665 atque
313 3561 535 3636 credentium
554 3559 748 3633 multitudo
764 3559 986 3660 augebatur(
1010 3558 1040 3656 ).

238 3681 364 3754 Petrus
380 3676 559 3777 apostolus
575 3676 725 3751 AEneam
736 3677 972 3777 paralyticum
985 3674 1031 3748 ab
1047 3676 1151 3748 annis
1164 3693 1250 3753 octo

186 3799 362 3894 jacentem
380 3794 417 3868 in
435 3791 583 3894 grabato
600 3792 720 3866 Liddae
737 3792 882 3864 sanavit.
900 3791 1031 3864 Omnes
1045 3816 1132 3865 vero
1148 3790 1250 3864 habi-

222 4160 1212 4238 ‹1›Accaus·11,sannaus-(auid.saeuae)
