2894 4958
527 375 645 438 LIBER
664 376 821 440 PRIMUS.
1164 379 1203 436 27

140 498 289 573 Christi.
309 496 415 573 Unde
430 495 568 598 abipso
586 498 786 572 mittuntur
802 496 876 573 duo
891 495 1078 596 discipuli,
1098 512 1140 570 ut
1152 496 1206 570 di-

140 616 295 716 ligenter
312 639 378 714 per
396 614 508 714 ipsam
522 619 796 715 peramatentur
814 612 880 688 Dei
897 611 1059 712 sophiam
1071 627 1205 686 secreta

141 731 187 807 de
219 730 426 831 provisione
457 729 610 806 coelesti.
641 731 820 832 Regresais
853 730 1001 805 Joannis
1034 729 1205 821 nunciis,

142 849 257 922 multa
283 847 329 923 de
356 853 431 947 ejus
459 844 707 949 magnitudine
738 847 924 949 loquitur,
955 861 992 921 et
1016 846 1138 945 pueris
1167 845 1205 918 in

142 965 227 1041 foro
236 963 441 1040 sedentibus
451 966 720 1068 generationem
730 964 1153 1066 oomparatJudaeorum(
1178 963 1207 1063 ).

145 1084 252 1158 Tunc
277 1083 390 1182 ooepit
405 1083 505 1158 Jeaua
521 1081 739 1183 exprobrare
756 1080 984 1175 civitatibus,
1013 1082 1050 1155 in
1076 1077 1209 1181 quibua

144 1198 249 1273 factor
271 1213 357 1273 aunt
375 1199 542 1299 plurimae
562 1200 715 1274 virtutes
737 1202 836 1300 ejus,·
854 1199 937 1300 quia
955 1224 1033 1274 non
1055 1196 1210 1298 egissent

144 1316 401 1413 poenitentiam
412 1316 452 1388 in
468 1314 724 1418 praedieatione
737 1318 824 1415 ejus.
844 1317 924 1389 Huc
938 1340 1051 1416 usqua
1066 1338 1211 1414 genera·

146 1430 286 1505 tionem
297 1429 479 1505 Judaicam
491 1433 733 1507 communiter
742 1432 985 1534 redarguerat,
997 1455 1097 1503 nune
1107 1428 1210 1528 qnasi

147 1547 365 1621 nominatim
380 1549 540 1623 civitates
555 1574 682 1623 eorum
698 1550 879 1650 increpem
902 1552 1084 1647 praecipue
1098 1545 1212 1619 Coro·

147 1662 264 1750 raim,
291 1663 402 1738 idest
425 1666 635 1762 mysterium
656 1688 793 1754 meum,
824 1661 1070 1749 Bethsaidam,
1095 1657 1133 1734 id
1160 1673 1214 1732 eat

148 1778 300 1853 domum
302 1781 498 1877 fluctuum
503 1838 517 1873 ,
540 1795 580 1855 et
596 1779 867 1880 capharnaum,
890 1779 973 1879 quia
996 1777 1080 1849 risis
1102 1774 1214 1876 signis

150 1911 188 1970 et
204 1894 377 1996 operibus
393 1898 556 1972 converti
572 1896 801 1994 noluerunt(
824 1895 854 1993 ).

198 2011 337 2088 Deinde
349 2014 447 2087 Jesna
458 2015 536 2088 Deo
547 2014 641 2112 patri
654 2013 785 2115 gratias
796 2013 887 2112 agit,
898 2011 983 2111 quia
994 2006 1215 2109 sapientibus

151 2131 260 2205 secuti
277 2146 410 2205 secreta
427 2157 488 2204 sna
506 2129 695 2205 abscondit
710 2147 747 2206 et
769 2130 927 2230 parvulis
947 2127 1117 2203 revelarit
1141 2126 1158 2226 (
1181 2125 1212 2225 )

200 2245 386 2322 Pharisaeia
405 2245 751 2348 reprehendentibus
774 2245 875 2350 qnod
897 2244 1063 2346 discipuli
1076 2241 1215 2317 sabba-

152 2365 220 2457 tis,
238 2363 328 2437 dum
343 2389 408 2464 per
426 2379 499 2438 sata
520 2365 636 2456 irent,
655 2362 768 2465 spiens
780 2363 974 2453 vellerent,
993 2378 1031 2436 et
1051 2357 1218 2434 manibus

152 2477 393 2556 confricantes
412 2480 667 2556 manducarent
673 2510 684 2571 ;
704 2481 868 2557 Salvator
885 2504 946 2557 oon
961 2477 1162 2567 manarit,
1181 2490 1220 2552 et

153 2597 319 2696 exemplo
330 2596 377 2672 do
391 2598 504 2672 David
514 2614 551 2674 et
562 2596 736 2674 Abiatbar
746 2592 927 2673 sacerdote
940 2596 1084 2700 prolato
1098 2593 1214 2667 dixit:

153 2711 358 2787 Sabbatum
365 2731 517 2818 proptor
526 2714 863 2814 bominemfootum
877 2730 930 2788 est
936 2769 951 2807 ,
970 2727 1006 2786 et
1021 2738 1097 2785 non
1112 2710 1219 2786 bomo

151 2829 519 2934 pmpteraobbueum.
531 2833 665 2934 Itaque
673 2834 855 2906 Dominus
868 2830 1051 2905 estFi'lius
1063 2829 1219 2903 bonumir

155 2949 269 3020 etium
282 2947 430 3023 sabbati
441 2951 513 3048 (4).

206 3064 378 3139 lntroirit
395 3066 528 3140 itesam
544 3064 695 3141 sabbato
716 3068 755 3139 in
774 3090 1012 3167 synagogam,
1031 3078 1069 3139 et
1083 3061 1221 3137 sanarit

157 3180 344 3256 bominem
356 3183 422 3284 qui
439 3181 592 3284 babebat
602 3207 753 3257 manum
764 3182 913 3255 aridam.
929 3179 1098 3255 Phariaaei
1108 3180 1221 3252 livore

159 3299 334 3372 oommoti
351 3298 451 3400 qaod
465 3300 567 3375 Jesua
582 3301 703 3374 omnia
719 3300 876 3402 gloriose
891 3296 1037 3398 agebat,
1053 3308 1222 3370 exeuntes

159 3439 245 3487 enm
270 3414 482 3489 Herodiania
513 3415 705 3491 eonsilium
737 3414 902 3490 fecerunt
924 3410 1109 3515 quomodo
1140 3432 1224 3483 eum

160 3531 368 3631 perderent.
398 3532 627 3633 Quapropter
658 3532 742 3605 inda
771 3530 913 3606 secessit
937 3542 974 3603 et
1004 3526 1114 3601 secuti
1138 3541 1224 3600 aunt

161 3673 247 3722 enm
262 3649 371 3722 multi
387 3665 425 3724 et
440 3649 580 3723 curavit
593 3673 732 3725 omnes.

199 3969 240 4036 (ι)
252 3967 352 4024 Maro.
366 3987 409 4036 ιι,
425 3985 509 4044 a·19;
523 3969 589 4029 Lue-
602 3987 654 4038 ιιι,
672 3964 763 4024 raas.
775 3996 810 4010 -
823 3968 862 4039 (a)
874 3964 974 4021 marn.
988 3981 1031 4033 ιι,
1047 3966 1144 4032 aon&
1158 3964 1224 4018 bno.
1265 3968 1267 3973 “

166 4053 296 4198 pupas?
305 4053 390 4199 ¹:33)
399 4057 499 4115 Maru.
510 4076 547 4127 ιι,
556 4055 648 4114 ribo.
658 4064 694 4101 ·-'
703 4057 849 4129 wiberth.
862 4073 908 4126 ru,
922 4054 982 4124 1-83
994 4054 1078 4111 biart.
1086 4073 1120 4124 rr,
1130 4049 1226 4118 254&
