2894 4958
542 415 659 477 LIBER
677 413 889 475 SECUNDUS.
1188 411 1249 475 ⁴27

234 535 446 609 Benedictus
458 559 545 634 papa
560 535 597 606 in
612 534 734 607 multis
747 531 932 607 laboribus
945 547 981 604 et
996 530 1248 605 afflictionibus

183 652 351 751 fatigatus
378 649 490 736 obiit,
522 651 621 722 etin
650 649 793 721 basilica
820 650 942 722 Sancti
968 648 1064 721 Petri
1095 646 1248 747 apostoli

187 786 232 842 11⁰
253 768 324 842 kal.
342 767 481 867 augusti
500 767 658 866 sepultus
671 783 737 840 est.
757 767 824 838 Hic
842 768 1026 866 episcopos
1042 793 1103 837 xxv
1120 790 1249 838 conse-

186 886 299 957 cravit
307 939 319 973 ,
333 900 369 956 et
385 883 531 956 cessavit
543 884 764 982 episcopatus
780 882 961 956 mensibus
974 908 1016 954 ιιι
1031 881 1155 956 diebus
1167 908 1204 954 x.

233 1003 393 1103 Pelagius
410 1003 613 1090 Romanus,
631 1001 675 1074 de
692 1016 792 1101 patre
813 1001 1024 1101 Vuinigildo
1033 1057 1045 1090 ,
1069 1000 1161 1074 sedit
1180 1027 1249 1073 an·

183 1122 240 1193 nis
252 1149 276 1192 x
288 1118 470 1193 mensibus
484 1147 511 1192 ιι
523 1116 647 1192 diebus
659 1147 696 1191 x.
710 1119 778 1191 llic
790 1117 922 1218 absque
929 1120 1088 1217 jussione
1098 1117 1249 1217 Augusti

185 1236 370 1310 ordinatus
383 1252 436 1310 est
443 1289 454 1322 ,
468 1235 618 1336 eoquod
627 1234 849 1336 Langobardi
862 1238 1013 1309 Romam
1023 1233 1249 1327 obsiderent,

186 1353 396 1453 Italiamque
414 1353 521 1425 nimis
544 1352 779 1426 devastarent.
804 1355 909 1425 Tunc
931 1353 1054 1426 nimiae
1077 1352 1190 1425 clades
1214 1367 1250 1425 et

186 1472 317 1572 pluviae
338 1471 500 1545 luerunt.
519 1473 722 1572 Inguinaria
743 1472 851 1571 pestis
871 1498 998 1571 papam
1022 1470 1144 1545 subito
1163 1496 1251 1570 per-

187 1613 328 1660 cussum
346 1597 414 1661 ιιιι0
432 1587 510 1660 idus
528 1587 698 1662 februarii
721 1588 891 1678 extinxit,
913 1589 975 1689 qui
994 1588 1087 1687 apud
1106 1586 1252 1660 beatum

185 1709 331 1777 Petrum
352 1705 510 1803 sepultus
532 1718 598 1777 est.
625 1705 692 1776 Hic
714 1705 897 1804 episcopos
922 1731 988 1802 per
1011 1704 1146 1776 diversa
1172 1703 1251 1777 loca

187 1846 304 1896 xtvut
326 1821 529 1911 ordinavit,
549 1839 586 1895 et
605 1823 751 1895 cessavit
766 1823 989 1921 episcopatus
1010 1821 1193 1895 mensibus
1211 1845 1250 1893 vr

186 1935 312 2011 diebus
327 1965 397 2009 xxv
412 1940 425 2033 (
451 1941 478 2033 ).

236 2055 431 2154 Gregorius
463 2056 647 2128 Romanus
677 2070 753 2129 arte
781 2052 1040 2155 philosophus,
1075 2050 1251 2127 Gordiani

186 2175 354 2272 praetoris
366 2174 434 2244 viri
450 2173 633 2245 clarissimi
647 2191 683 2246 et
703 2170 816 2247 beatae
833 2173 953 2246 Silviae
969 2172 1083 2261 filius,
1102 2168 1251 2270 praeluit

185 2289 290 2361 annis
312 2314 379 2361 ιιιιι
396 2287 579 2362 mensibus
600 2314 639 2363 vt
661 2286 786 2363 diebus
802 2318 846 2378 x,
868 2287 1089 2388 temporibus
1111 2284 1251 2359 Tiberii

186 2407 433 2493 Constantini,
458 2407 620 2480 Mauricii
641 2422 678 2481 et
693 2409 797 2480 Focae
817 2406 1075 2506 Augustorum.
1102 2404 1170 2475 Hic
1189 2429 1252 2476 ex-

185 2526 308 2624 posuit
323 2523 493 2599 homelias
508 2523 786 2625 Evangeliorum
801 2551 955 2599 numero
972 2548 1037 2614 xu,
1054 2519 1145 2609 Job,
1165 2523 1251 2594 Eze-

188 2637 338 2713 chielem
347 2694 358 2727 ,
374 2640 658 2740 pastoralemque
673 2640 784 2715 edidit
799 2639 935 2713 librum
948 2655 984 2713 et
999 2638 1200 2738 dialogum,
1216 2649 1253 2709 et

187 2757 302 2829 multa
313 2757 379 2829 alia
392 2784 473 2858 quae
486 2783 694 2832 enumerare
705 2785 781 2832 non
793 2785 993 2857 possumus.
1007 2758 1144 2830 Ductor
1155 2756 1253 2828 enim
1285 2850 1289 2855 Ι

187 2872 479 2972 incomparabilis
491 2874 639 2961 enituit,
654 2889 691 2946 et
700 2873 812 2945 multa
826 2874 1028 2971 sagacitate,
1044 2872 1255 2971 ingentique

187 2991 309 3065 studio
332 2991 472 3065 dicendi
495 3008 532 3065 et
551 2990 730 3063 scribendi
750 2991 889 3063 utiliter
910 2987 1104 3078 laboravit,
1127 2987 1255 3062 Eccle-

190 3109 324 3208 siaeque
336 3109 400 3181 Dei
415 3107 496 3180 filiis
509 3107 702 3180 admodum
715 3105 868 3206 proluit.
880 3107 948 3178 Hic
963 3105 1206 3206 augmentavit
1216 3105 1255 3178 in

188 3225 396 3324 precatione
413 3224 558 3297 canonis
575 3255 583 3295 ε
600 3224 762 3324 Diesque
776 3241 916 3297 nostros
930 3226 968 3295 in
985 3238 1049 3294 tua
1063 3247 1157 3322 paee
1173 3221 1254 3294 dis-

183 3370 328 3445 ponas,
354 3360 421 3417 εἰσ.
450 3344 633 3417 Romanus
655 3343 825 3442 patricius
848 3356 885 3416 et
905 3338 1076 3417 exarchus
1102 3341 1257 3413 Romam

188 3461 310 3551 venit,
338 3476 376 3535 et
400 3460 711 3561 perturbationem
734 3488 902 3564 maguam
922 3460 1095 3535 Romanis
1119 3457 1257 3532 civibus

192 3827 277 3881 retira
288 3827 357 3881 trois
369 3829 505 3900 ansapres
518 3846 553 3881 au
563 3838 642 3883 mont
653 3828 764 3896 cassin,
778 3837 808 3883 et
819 3847 837 3901 y
847 3837 963 3882 mourut
970 3824 996 3880 le
1009 3842 1039 3880 21
1053 3841 1126 3879 mars
1134 3821 1197 3891 543.
1207 3822 1257 3880 On

191 3917 244 3971 sait
257 3935 312 3990 que
331 3918 403 3972 saint
421 3917 559 3991 Gregoir'e
576 3937 591 3972 a
607 3917 677 3977 ecrit
691 3935 719 3972 sa
737 3917 780 3972 vie
796 3916 864 3972 dans
881 3917 920 3972 let
937 3915 1078 3989 dialognes
1095 3913 1165 3970 dont
1179 3913 1256 3987 parte

191 4018 273 4063 notre
286 4019 393 4064 auteur.

226 4097 236 4166 l
241 4097 265 4166 1)
282 4094 332 4167 (30
343 4097 491 4152 novembre
503 4095 588 4172 578-tt
600 4096 700 4151 levrier
711 4094 786 4170 590.)
797 4096 837 4152 Cc
848 4113 918 4169 pape
929 4104 1045 4151 mourut
1056 4114 1091 4152 eu
1100 4093 1163 4151 ellat
1172 4092 1255 4147 d'une

191 4190 330 4262 persequi
346 4207 458 4261 ravagea
471 4188 560 4244 Rome
572 4207 606 4244 au
619 4197 855 4245 cnmmennemeut
867 4187 903 4244 de
914 4186 976 4262 59⁰.
1050 4195 1055 4208 ·
