2894 4958
186 427 248 488 226
463 421 647 483 HISTORIA
668 419 974 483 Ecctltslssrlct
1164 490 1167 494 ⁴

186 546 274 622 alios
294 541 434 621 codices
449 542 690 643 perlustrare,
712 555 750 616 et
765 541 811 615 de
825 539 959 615 eisdem
979 539 1156 642 apomlis
1170 539 1257 614 mihi

186 660 351 764 quaedam
371 658 532 736 breviter
552 684 855 748 commemorare,
874 685 958 759 quae
980 659 1018 733 in
1040 658 1258 734 authenticis

186 776 289 851 libris
300 794 336 851 et
348 777 386 852 in
402 776 560 850 Ecclesia
576 775 813 877 frequentatis
829 789 960 874 potero
975 775 1153 876 reperire.

234 895 410 970 Ordinem
437 895 687 995 apostolorum
712 908 749 966 et
777 893 951 968 meritum
978 894 1261 995 uniuscnjusque

185 1012 284 1089 solus
299 1012 466 1087 omnium
479 1009 651 1087 conditor
663 1010 785 1099 norit,
800 1025 837 1086 et
851 1011 956 1111 isqui
974 1011 1094 1086 cordis
1112 1008 1260 1086 humani

185 1155 314 1203 arcana
335 1129 502 1218 rimatur,
522 1126 804 1201 retributionem
819 1126 990 1202 laborum
1011 1128 1168 1228 singulis
1187 1127 1261 1201 dis-

188 1244 333 1318 tribuit.
359 1241 526 1342 Apostoli
545 1267 703 1341 namque
720 1244 825 1316 missi
840 1243 1145 1343 interpretantur.
1163 1245 1260 1344 Ipsos

188 1363 287 1439 enim
302 1361 402 1435 misit
412 1360 577 1434 Christus
594 1360 833 1463 evangelizare
848 1382 914 1460 per
930 1362 1144 1436 universum
1156 1387 1259 1434 mun

187 1477 294 1566 dum,
313 1491 374 1565 ut,
393 1476 485 1549 sicut
498 1475 692 1575 piscatores
704 1477 749 1550 de
763 1474 890 1577 pelago
906 1473 1047 1550 retibus
1065 1474 1260 1550 extrahunt

189 1593 334 1669 turbam
359 1594 533 1695 piscium,
559 1593 625 1675 sic.
637 1593 688 1666 illi
708 1593 870 1694 perditos
894 1592 1061 1668 homines
1082 1593 1260 1694 praedica·

189 1711 290 1786 tione
306 1709 399 1783 lacta
420 1707 674 1810 pertraherent
687 1708 732 1781 ad
753 1709 878 1782 lumen
894 1710 981 1783 ritae
1001 1708 1047 1783 de
1063 1708 1260 1809 profundi·

190 1841 263 1903 tate
279 1826 468 1900 vitiorum.
488 1823 646 1899 Nomina
662 1840 783 1898 autem
801 1822 963 1923 ipsorum
980 1839 1066 1897 sant
1084 1823 1167 1898 haec
1183 1855 1192 1898 ε
1207 1826 1261 1899 si-

129 1933 131 1937 ’
188 1972 279 2021 mon
296 1946 472 2020 Petruset
484 1941 661 2033 Andreas,
680 1942 793 2017 frater
808 1946 904 2043 ejns3
924 1941 1078 2016 Jacohns
1099 1942 1261 2017 Zebedaei

191 2077 229 2136 et
242 2063 418 2150 loannes,
433 2059 547 2133 frater
562 2063 657 2159 ejus,
675 2059 830 2132 lacobus
845 2057 986 2159 Alphaei
1001 2075 1038 2133 et
1052 2058 1260 2160 Philippus;

193 2179 351 2254 Thomas
369 2195 406 2253 et
423 2177 727 2266 Bartholomaeus3
746 2177 832 2252 Levi
858 2176 1052 2252 Matthaeus
1075 2192 1115 2251 ct
1136 2178 1260 2251 Simon

193 2298 408 2384 Cananaeus3
423 2295 531 2371 Judas
549 2294 750 2370 Thaddaeus
767 2312 804 2369 et
820 2293 998 2393 Mathias(
1023 2295 1056 2394 ).

240 2414 384 2487 Primus
407 2413 619 2501 rocstione,
647 2413 824 2485 maximus
852 2412 1048 2513 dignitate,
1076 2413 1264 2513 apostolici

194 2528 363 2604 culminis
391 2527 511 2604 sedem
543 2529 670 2604 Petrus
702 2528 857 2630 claviger
886 2544 1065 2603 assecutus
1096 2544 1175 2620 est,
1204 2528 1264 2631 qui

194 2646 340 2721 Christo
361 2647 530 2721 ardenter
549 2645 770 2748 obsequens,
796 2662 877 2721 toto
903 2644 1012 2720 corde
1036 2661 1181 2720 secutus
1201 2662 1264 2720 est.

195 2765 264 2838 Hic
276 2781 378 2864 patre
388 2766 480 2839 Jona
494 2765 548 2839 vel
562 2766 702 2838 Joanne
714 2765 876 2863 genitus,
892 2764 972 2838 rico
985 2762 1175 2838 Bethsaida
1187 2788 1268 2865 pro-

196 2882 325 2955 vinciae
343 2881 520 2972 Galilaeae,
547 2882 610 2983 qui
632 2884 733 2979 juxta
758 2898 923 2982 stagnum
948 2881 1175 2955 Gerreaareth
1199 2897 1270 2967 est,

197 3014 320 3087 ortus,
340 2999 384 3072 ad
400 2998 650 3074 declarandam
668 2998 882 3097 dignitatem
898 2998 1082 3088 futuram,
1101 3015 1138 3073 ct
1153 3015 1272 3100 potes·

198 3131 311 3191 tatem
327 3144 398 3218 (pra
413 3116 625 3191 sublimatus
638 3116 873 3215 splendescit,
893 3118 1088 3192 trinomius
1100 3117 1195 3206 fuit,
1217 3118 1272 3191 in·

198 3233 365 3334 dicioque
382 3235 494 3307 trium
509 3232 771 3306 vocabulorum
785 3234 978 3334 multiplex
999 3236 1116 3307 virtus
1137 3237 1170 3308 ei
1192 3260 1271 3308 coe·

201 3348 287 3422 litus
296 3347 378 3422 data
391 3348 532 3421 claruit.
547 3348 674 3422 Simon
688 3350 823 3421 etenim
836 3349 1030 3439 obediens,
1044 3352 1175 3424 Petrus
1189 3374 1274 3424 vcro

201 3492 425 3566 agnoscens,
440 3465 576 3565 Cephas
594 3482 715 3539 autem
728 3485 840 3568 caput
858 3468 1119 3568 interpretatam
1134 3470 1211 3567 (a).
1226 3468 1276 3539 Si·

201 3606 291 3655 mon
305 3581 425 3683 itaque
435 3608 501 3681 per
514 3579 772 3669 obedientiam,
790 3609 859 3681 qua
874 3609 980 3674 mox,
995 3599 1038 3655 ut
1053 3600 1274 3683 preceptum

238 3826 279 3897 (ι)
294 3827 361 3882 Act.
375 3838 466 3901 apost.
482 3846 506 3895 ι,
522 3824 729 3896 13et26.(53.)

240 3916 281 3986 (a)
297 3915 375 3972 Nous
387 3919 499 3974 n’avons
515 3936 564 3993 pas
577 3918 771 3972 connaissance
786 3917 868 3990 qu'en
882 3937 988 3973 aucune
1003 3918 1106 3993 langue
1121 3920 1224 3975 Petrus
1239 3920 1275 3974 ait

205 4003 251 4057 tte
268 4020 418 4078 synonyme
434 4004 636 4079 d’agnoscens;
657 4016 744 4078 quant
762 4022 797 4058 au
814 4016 873 4061 anot
890 4007 1136 4082 syro-chaldaiqne
1153 4009 1272 4081 Cephas,

206 4109 238 4128 Μ
249 4092 320 4148 n‘en
327 4093 411 4167 qu’en
417 4094 536 4151 mount
547 4092 632 4147 d’uue
643 4093 769 4166 analogio
778 4096 961 4151 entiercment
971 4096 1103 4161 tornaio,
1116 4099 1203 4172 qn’on
1213 4107 1274 4170 peut

306 4180 413 4237 tucher
424 4180 464 4236 du
477 4198 543 4253 grec
556 4180 663 4242 sioni,
675 4191 769 4250 caput.
