2894 4958
541 463 658 529 LIBER
676 464 884 529 SECUNDUS.
1190 471 1249 532 373

177 586 386 688 jaciebant.
414 585 515 660 Unus
531 611 652 659 eorum
678 603 762 659 ante
779 613 846 660 nos
870 601 905 660 et
926 586 1023 660 alius
1045 604 1138 662 retro
1157 614 1250 689 per-

182 704 307 805 gebat.
326 705 396 777 Ast
410 728 478 803 ego
496 704 610 775 nimio
621 728 760 805 pavore
768 703 1012 804 perterrebar,
1030 704 1099 777 sed
1114 703 1162 776 ab
1181 732 1249 778 an-

183 822 269 923 gelo
280 824 474 896 comitante
481 819 571 893 milri
582 820 717 894 blande
726 820 975 918 confortabar.
989 820 1132 895 Sanora
1141 823 1252 895 etiam
1312 845 1317 853 ·

187 966 278 1013 uoce
303 967 350 1014 ac
378 939 483 1013 dulci
505 938 751 1012 modulatione
775 940 886 1041 coepit
913 938 1066 1040 angelus
1091 939 1252 1014 Domino

188 1082 319 1128 canere
324 1111 338 1146 ,
370 1056 523 1129 dicens:
541 1054 723 1146 Benedic,
742 1055 870 1128 anima
885 1080 986 1147 mea,
1010 1055 1190 1146 Domino,
1218 1071 1254 1129 et

188 1175 315 1247 omnia
336 1197 419 1272 quas
443 1173 542 1246 intra
567 1199 625 1246 me
645 1188 729 1246 sunt
744 1173 894 1246 nomini
911 1182 1040 1247 sancto
1057 1174 1151 1274 ejus.
1179 1173 1256 1272 Qui

181 1291 410 1392 propitiatur
423 1276 590 1364 omnibus¹
600 1290 863 1391 iniquitatibus
881 1290 952 1362 tuis
959 1345 973 1378 ,
991 1305 1026 1361 et
1042 1288 1193 1362 redimet
1210 1289 1258 1363 de

189 1404 329 1507 irderno
348 1409 463 1480 uitam
485 1424 598 1480 tuam.
624 1406 770 1479 Deinde
787 1406 841 1480 ad
862 1408 984 1506 ignem
999 1407 1257 1507 purgatorium

182 1525 435 1623 pervenimus,
454 1525 581 1622 inquo
600 1521 803 1595 Clrnstiani
823 1524 1035 1595 cruciantor
1043 1547 1117 1623 pro
1135 1523 1258 1621 quoti-

188 1636 313 1711 dianis
336 1639 564 1729 excessibus,
588 1641 744 1740 quinon
767 1655 971 1740 gravantur
989 1640 1255 1713 criminalibus.

190 1757 436 1856 Purgatorius
455 1757 590 1858 quippe
606 1758 703 1856 ignis
705 1754 849 1856 fluvius
865 1771 919 1829 est
922 1812 935 1845 ,
957 1772 992 1829 et
1003 1783 1104 1859 pons
1121 1783 1256 1860 super-

183 1874 349 1972 positus,
377 1873 416 1944 in
442 1898 516 1972 quo
535 1898 593 1945 me
614 1871 753 1944 ducens
771 1872 926 1972 angelus
944 1872 1095 1945 Domini
1116 1898 1165 1945 ac
1182 1888 1261 1948 sta-

190 2005 294 2063 tuens
305 1990 414 2079 illuc,
432 1989 661 2093 apprehensa
674 2016 787 2063 manu
803 2015 887 2062 mea
898 1987 999 2062 dicit
1012 2017 1022 2061 .·
1035 1990 1112 2062 Hic
1127 1990 1256 2082 stabis,

190 2127 395 2207 quousque,
417 2105 465 2179 ab
486 2104 828 2209 omnibuspeccatis
843 2105 1082 2194 emundatus,
1102 2107 1259 2182 coelestis
1307 2178 1314 2193 ,

191 2224 297 2322 regni
313 2227 483 2296 merearis
500 2247 577 2296 esse
588 2224 792 2324 particeps.
812 2222 883 2293 His
901 2221 1077 2323 expletis,
1100 2221 1155 2294 ad
1164 2249 1261 2325 por-

191 2356 268 2413 tam
294 2341 469 2440 paradisi
493 2341 677 2430 uenimus,
705 2340 822 2440 juata
850 2363 964 2438 quam
993 2339 1262 2415 multitudinem

192 2456 397 2530 daenwnum
410 2472 672 2558 congregatam
684 2457 901 2557 reperimus,
920 2481 1072 2556 quorum
1086 2459 1263 2533 soeoitiam

191 2591 226 2648 et
242 2575 467 2648 calumniam
481 2573 778 2676 pertimescebam
791 2572 1047 2648 uehementius.
1063 2576 1169 2649 Tunc
1185 2603 1264 2650 ooo:

192 2691 240 2764 de
254 2691 347 2764 ccelo
363 2691 496 2765 audita
513 2706 566 2764 est
582 2718 593 2764 .·
609 2691 826 2766 Revertatur
835 2690 963 2764 anima
971 2693 1084 2793 pueri
1098 2691 1206 2795 hujus
1223 2696 1264 2767 in

194 2810 337 2882 viscera
358 2811 435 2909 ejus
458 2823 493 2880 et
515 2809 616 2883 vitot
640 2834 757 2881 annos
781 2809 918 2908 uiginti
938 2825 973 2880 et
991 2835 1072 2882 sea.
1093 2810 1261 2911 Angelus

192 2931 314 3001 autem
348 2927 414 3026 qui
442 2951 498 2999 me
530 2925 688 2998 ducebat
720 2925 946 3000 incredibilis
973 2925 1264 3029 pulchritudinis

193 3063 273 3119 erat
279 3103 292 3137 ,
312 3062 347 3119 et
362 3044 560 3117 humanam
576 3059 748 3117 naturam
761 3057 912 3145 aspectu
926 3069 1005 3116 sua
1021 3045 1176 3118 cisionis
1193 3071 1265 3118 ec-

195 3163 359 3238 cedebat.
383 3160 646 3235 Percunctanti
664 3160 775 3233 etiam
795 3157 888 3232 mibi
906 3159 954 3232 de
976 3159 1122 3234 doctore
1142 3179 1265 3236 nostro

195 3281 391 3370 Martiale,
410 3279 597 3382 respondit
614 3278 793 3380 angelus:
813 3279 995 3380 Magnum
1011 3283 1051 3351 in
1069 3279 1173 3354 caelis
1192 3307 1267 3355 me·

195 3402 304 3474 ritum
315 3397 502 3501 possidet,
529 3398 620 3498 quia
640 3398 749 3497 uirgo
770 3412 959 3502 pennauet
978 3411 1013 3468 et
1033 3398 1113 3470 sine
1129 3423 1265 3472 concur*

192 3516 612 3620 pescentiafhminarum
630 3529 684 3587 est
708 3529 743 3586 et
764 3539 842 3587 esse
861 3512 1051 3587 deliberat.
1075 3514 1114 3585 A
1128 3515 1264 3615 juven-

196 3651 270 3707 tute
281 3634 442 3706 Domino
455 3631 566 3732 coepit
580 3629 758 3705 deservire
768 3646 803 3705 et
817 3629 923 3706 beato
941 3633 1052 3704 Petro
1065 3629 1264 3705 adtoerere.

196 3751 264 3825 Ad
268 3767 466 3853 paternam
483 3748 633 3826 domum
649 3775 808 3822 reversus
823 3774 898 3823 non
917 3764 982 3822 est.
1006 3746 1112 3822 Sicut
1128 3775 1154 3821 a
1175 3775 1268 3823 con-

196 3869 422 3971 cupiscentia
433 3868 556 3940 carnis
571 3867 736 3941 noscitur
750 3865 894 3939 alienus
900 3921 913 3956 ,
929 3866 986 3939 sic
998 3890 1025 3937 a
1038 3863 1167 3938 dolore
1178 3892 1268 3941 mor
1284 3891 1287 3897 ’

196 3986 244 4058 tis
261 3986 329 4058 erit
352 3999 560 4057 extraneus.
579 3980 720 4084 Angeli
739 4006 792 4055 x11
815 3984 851 4055 ei
869 4010 895 4055 a
916 3982 1078 4056 Domino
1103 3981 1270 4086 deputati

197 4116 283 4175 sunt
289 4157 302 4192 ,
319 4101 385 4200 qui
398 4125 539 4201 semper
549 4125 633 4172 cum
643 4125 686 4173 eo
695 4096 1182 4201 gradientes‘eumsatigan'
1193 4127 1268 4175 non

193 4219 427 4321 pennittunt,
443 4243 511 4291 nec
521 4217 674 4306 esurire,
690 4242 756 4290 nec
769 4219 870 4292 sitire
876 4252 892 4306 ;
905 4217 1039 4293 sed-ab
1054 4220 1157 4292 omni
1168 4217 1269 4295 malo
