2916 4958
198 405 238 462 98
473 399 659 460 HISTORIA
680 399 985 463 ECCLESIASTICA.

198 523 339 596 Florus.
359 521 468 618 Cujus
483 519 663 592 luxuriam
678 536 715 593 et
727 521 932 608 avaritiam,
949 535 1152 624 caeteraque
1164 527 1268 628 flagi·-

199 640 245 711 tiu
259 637 374 710 Judaei
388 635 541 710 tolerare
557 636 820 736 nequiverunt3
837 638 933 710 unde
945 657 1073 713 eontra
1084 643 1269 721 Romanos

88 813 93 826 .
196 751 474 827 rebellaverunt.
504 749 703 825 Adversum
726 778 817 851 quos
842 752 1077 852 Vespasianus
1098 761 1269 860 magister

196 869 336 948 militiae
361 868 608 956 transmissus,
631 867 830 967 [plurimas
862 869 967 944 urbes
994 871 1129 946 Judaeae
1152 878 1264 976 capit.

193 990 334 1062 Primus
350 987 448 1062 Nero
466 1013 573 1085 super
591 986 712 1058 omnia
729 988 859 1061 scelera
877 1015 937 1060 sua
953 989 1267 1089 etiam].Clu·istia·

195 1131 261 1179 nos
294 1103 536 1204 persequitur,
569 1126 728 1202 quorum
760 1103 909 1177 eximios
939 1105 1084 1195 llomae,
1114 1108 1267 1183 Petrum

194 1234 314 1310 cruce,
328 1234 364 1295 et
377 1220 526 1293 Paulum
536 1219 670 1293 occidit
680 1218 811 1318 gladio.
828 1221 894 1294 llic
908 1222 946 1294 in
959 1249 999 1296 re
1010 1222 1157 1298 militari
1170 1223 1264 1299 nihil

192 1341 346 1415 omnino
361 1364 484 1425 ausus,
503 1336 729 1409 Britanniam
743 1364 834 1437 pene
849 1339 980 1413 amisit.
1000 1339 1092 1412 Nam
1109 1341 1183 1415 duo
1195 1339 1264 1417 suh

192 1483 236 1530 eo
250 1453 471 1528 nobilissima
484 1453 615 1553 oppida
627 1453 700 1526 illic
714 1470 828 1552 capta,
844 1462 951 1555 atque
961 1480 1080 1530 eversa
1091 1459 1204 1556 sunt(
1209 1458 1261 1557 1).

240 1569 475 1671 Vespasianus
487 1593 600 1643 anrros
616 1594 654 1642 rx
668 1596 805 1643 menses
819 1595 857 1643 xr
869 1569 945 1644 dies
958 1596 1053 1644 xxu.
1068 1573 1137 1645 Hie
1150 1573 1264 1673 [apud

191 1687 352 1760 ludaeam
373 1685 568 1783 imperator
587 1682 632 1756 ab
656 1685 815 1758 exercitu
833 1685 1047 1784 appellatur,
1069 1702 1106 1759 et
1124 1684 1265 1777 bellurn¹

192 1807 282 1879 Tito
294 1804 372 1878 filio
384 1804 657 1892 commendans,
672 1804 825 1877 Romam
836 1830 901 1903 per
911 1803 1168 1882 Alexandriam
1177 1816 1262 1905 pio-

190 1922 400 2021 ficiscitur],
418 1935 456 1994 et
473 1936 663 2020 perempto
676 1919 826 1995 Vitellio
845 1946 998 2021 regnum
1021 1923 1259 1997 nanciscitur.

192 2039 262 2132 Qui
277 2035 435 2112 seeundo
444 2061 542 2110 anno
551 2038 572 2109 J
575 2036 685 2110 udaeae
694 2062 847 2136 regnum
857 2034 1053 2125 subvertit,
1066 2038 1262 2137 templum-

191 2181 262 2255 que
278 2154 356 2228 solo
374 2155 501 2226 stravit
525 2168 606 2250 post
624 2178 738 2226 annos
766 2154 894 2251 primae
920 2153 1168 2229 aedificationis
1185 2157 1264 2253 ejus

193 2295 361 2346 uuxxxrv
376 2270 447 2367 (2)
463 2270 541 2341 Hoc
553 2294 641 2341 vero
664 2267 800 2341 bellum
816 2287 1106 2344 consummatum
1122 2287 1178 2346 est
1191 2300 1262 2351 an-

191 2390 247 2461 uis
264 2413 315 2473 ιν,
333 2383 474 2458 duobus
486 2385 632 2485 quidem
643 2384 788 2459 Nerone
803 2387 958 2475 vivente,
975 2406 1013 2470 et
1027 2388 1169 2464 duobus
1180 2391 1260 2467 aliis

190 2518 325 2605 postea.
342 2500 576 2598 Vespasianus
603 2501 698 2572 inter
718 2500 784 2572 alia
804 2529 1019 2602 magnorum
1048 2529 1202 2603 operum
1221 2507 1260 2581 in

188 2619 327 2718 privata
340 2613 456 2687 adhuc
471 2613 567 2703 vita,
582 2614 619 2686 in
634 2612 884 2706 Germaniam,
900 2644 941 2691 ao
962 2617 1092 2693 deinde
1113 2621 1152 2692 in
1176 2620 1261 2695 Bri-

191 2854 297 2929 primer
309 2863 388 2908 eune
405 2851 453 2907 des
469 2853 608 2922 crochets,
624 2871 696 2927 pour
711 2853 842 2928 indiquer
858 2866 930 2912 nette
942 2857 1068 2930 origine,
1084 2869 1115 2914 et
1129 2877 1202 2916 nous
1216 2860 1259 2916 le-

192 2962 257 3001 rons
267 2943 303 2999 de
316 2942 406 2999 mdme
419 2961 491 3017 pour
502 2954 565 2998 tous
579 2943 618 2998 les
630 2963 756 3019 passages
769 2957 922 3018 provenant
933 2946 968 3002 de
981 2948 1008 3003 la
1021 2949 1111 3004 meme
1124 2967 1233 3008 souroe.

226 3036 264 3109 (r)
283 3031 334 3106 (15
350 3032 464 3088 octobre
480 3033 550 3109 5l-9
564 3033 628 3106 juin
638 3033 696 3107 68).
711 3035 900 3109 L'expe'dition
910 3036 1108 3113 deVespasien
1119 3058 1155 3095 en
1170 3040 1260 3099 sudas

190 3125 253 3182 dois
263 3124 322 3180 latre
335 3126 481 3197 rapportee
493 3124 623 3179 ll‘annee
635 3124 679 3201 67.
692 3126 789 3181 Festus
797 3126 869 3182 avait
881 3127 1018 3202 remplace
1031 3129 1107 3185 Felix
1118 3149 1154 3186 en
1167 3129 1219 3201 60,
1229 3141 1262 3188 et

191 3236 241 3292 par
251 3217 422 3290 consequent
434 3233 490 3269 non
503 3234 551 3289 pas
564 3214 632 3270 dans
644 3216 670 3271 la
683 3216 842 3287 deuxilme,
858 3218 1002 3274 maisdans
1012 3219 1036 3274 la
1046 3221 1159 3276 sirieme
1171 3225 1260 3279 anude

190 3308 230 3363 du
240 3310 325 3382 regne
338 3305 373 3361 de
385 3306 490 3361 Ilaron.
502 3306 540 3361 Le
551 3317 673 3380 martyre
685 3306 721 3361 de
729 3307 801 3363 saint
813 3309 909 3365 Pierre
922 3320 951 3364 et
959 3309 994 3365 de
1008 3311 1080 3366 saint
1091 3311 1161 3367 Paul
1171 3312 1261 3387 paralt

190 3398 249 3454 &tre
262 3396 301 3451 ‹ln
313 3413 348 3471 29
357 3395 421 3468 juin
432 3394 476 3451 66.
491 3395 579 3452 Notre
589 3407 690 3452 auteur
700 3407 765 3452 veut
775 3395 866 3471 parler
879 3400 895 3453 l
907 3398 932 3453 la
945 3398 983 3453 fin
996 3399 1032 3455 de
1041 3418 1072 3455 ce
1085 3396 1261 3477 paragrapho

191 3487 226 3543 de
238 3487 263 3541 la
276 3484 379 3541 revolte
391 3484 462 3541 dela
476 3488 552 3542 reine
563 3486 713 3553 madius,
728 3486 776 3562 qui
790 3497 838 3542 eut
852 3486 908 3542 lieu
924 3506 960 3543 en
973 3486 1017 3543 61.
1036 3488 1260 3546 Camulodunum

190 3577 387 3650 (Colchester),
401 3575 525 3632 Londres
537 3587 566 3632 et
575 3576 709 3636 verulam
722 3576 817 3632 lurent
828 3577 886 3651 pris
898 3577 1032 3646 d’assaut,
1049 3589 1078 3633 et
1090 3576 1166 3635 leurs
1177 3576 1259 3636 habi-

192 3677 265 3723 tants
277 3669 402 3740 &gorges

226 3761 266 3826 (n)
285 3757 296 3827 (
305 3773 335 3830 ¹7
350 3754 444 3827 juillet
463 3754 549 3830 6944
565 3756 630 3828 juin
644 3761 705 3834 79).
721 3760 759 3814 La
772 3756 944 3814 destruction
957 3753 996 3812 du
1013 3757 1116 3830 temple
1128 3756 1259 3835 deliru-

190 3844 274 3902 salem
286 3862 336 3919 par
348 3843 374 3899 le
386 3844 433 3900 seu
445 3846 533 3900 arrivs
546 3844 572 3901 le
582 3846 686 3902 roaolrt
695 3867 738 3925 70,
746 3856 775 3903 et
788 3868 838 3922 par
851 3849 1021 3922 consequent
1035 3842 1110 3902 milla
1124 3848 1260 3904 soixante·

191 3936 278 3991 doure
291 3953 339 3990 ans
351 3936 431 4009 apres
443 3953 471 3989 sa
487 3937 626 4010 premiere
638 3939 836 3994 construction.
849 3927 918 3994 ml&
934 3937 1005 3993 dont
1020 3937 1040 3992 il
1060 3946 1101 3992 est
1114 3935 1191 4010 parle
1205 3939 1221 3993 l
1234 3932 1260 3992 la

192 4025 228 4080 fin
243 4025 277 4081 de
287 4044 318 4081 ee
331 4025 502 4099 paragrapho
510 4035 552 4082 est
567 4026 635 4082 nelle
644 4026 680 4084 de
691 4026 804 4103 Wighl.
819 4030 856 4084 Le
866 4027 970 4085 colosse
979 4030 1093 4084 exacuta
1104 4045 1155 4102 par
1166 4028 1260 4083 Zeno

191 4115 259 4171 dore
272 4115 316 4170 lut
332 4116 409 4189 erige
426 4132 462 4170 en
476 4114 519 4192 75.
533 4114 557 4170 Il
570 4115 676 4188 deruit,
691 4115 759 4172 dans
780 4115 921 4191 l'origiue,
944 4119 1118 4193 representes
1144 4115 1258 4183 Neron3

192 4206 260 4259 mais
271 4216 307 4261 ou
319 4202 456 4278 remplapa
468 4221 496 4259 sa
508 4203 565 4260 tlte
578 4222 629 4278 par
641 4203 708 4261 uelle
721 4205 760 4261 du
773 4200 859 4261 soleil.
1198 4214 1201 4219 ’
