2916 4958
105 462 108 467 .
237 405 298 466 330
511 399 694 462 HISTORIA
715 396 1021 471 ECCbFasle'lle.

239 538 277 599 et
304 520 536 621 aegyptiacam
560 545 601 592 ao
618 517 853 619 aethiopioam
872 514 1215 592 sermocinationem
1237 540 1300 616 op·

240 640 329 712 time
342 635 564 737 loqueretur.
580 634 732 709 Candaei
746 633 960 709 fiducialiter
975 649 1015 711 et
1029 632 1224 707 affectuose
1245 633 1302 706 in-

239 754 439 856 terroganti
456 751 609 828 facunde
628 753 810 826 intimavit
825 748 1011 853 quomodo
1025 776 1092 850 per
1102 774 1303 850 praerump-

239 874 378 947 tionem
389 868 580 946 bominum
590 870 636 944 ad
648 885 786 945 turrem
797 869 907 944 Babel
920 867 1086 944 conluuio
1099 867 1304 969 linguarum

238 990 333 1065 lacta
349 988 481 1078 fuerit3
495 1003 534 1062 et
548 1014 672 1062 rursus
688 988 857 1062 divinitae
872 981 1056 1061 incarnata
1075 1011 1142 1086 per
1158 984 1304 1061 bumili-

241 1122 352 1182 tatem
363 1103 496 1178 Gbristi
514 1102 711 1197 buunnum
723 1126 836 1207 genua
852 1103 1045 1179 redemerit
1062 1118 1102 1177 et
1115 1103 1305 1205 antiquum

240 1223 382 1301 hortem
407 1222 642 1322 protriverit,
668 1223 872 1324 electosque
895 1222 1046 1297 clientes
1074 1223 1159 1324 igne
1186 1210 1305 1297 senei

240 1339 395 1440 Spiritus
414 1338 712 1436 inflammaverit,
731 1356 768 1416 et
784 1341 951 1415 omnium
965 1340 1174 1439 linguarum
1193 1338 1306 1411 roien-

241 1459 347 1548 tiam,
371 1458 612 1559 omniumque
634 1453 844 1561 sapientiam
869 1460 1132 1558 scripturarum
1152 1455 1307 1556 pleniter

242 1574 437 1650 edocuerit.
464 1575 628 1676 Cumque
649 1591 792 1650 sanctus
817 1574 1001 1674 apostolus
1024 1573 1139 1647 multa
1159 1572 1208 1646 de
1229 1571 1307 1646 tbe-

241 1716 348 1776 aauro
372 1687 509 1791 aopbiae
538 1691 693 1764 salubria
723 1690 867 1791 populis
896 1687 1054 1764 libenter
1081 1686 1307 1762 audientibus

241 1806 444 1909 proferret,
463 1807 567 1882 venit
584 1807 647 1907 qui
671 1832 793 1909 magos
814 1832 899 1880 oum
921 1805 1071 1906 aiugadia
1092 1802 1307 1878 draconibus

241 1923 411 1998 advenire
426 1923 575 1998 diceret.
594 1918 776 1999 Dracones
790 1938 911 1997 autem
927 1921 1053 2023 galeati
1068 1935 1174 1995 erant
1181 1972 1194 2009 ,
1208 1917 1307 1993 llatae

243 2066 371 2118 eorum
393 2039 650 2116 flammiferum
673 2041 844 2117 ardorem·
867 2036 1074 2127 emanabat3
1103 2034 1309 2136 aulphureaa

243 2157 391 2233 narihu‘a
405 2184 508 2231 auras
523 2156 758 2260 spargebant,
781 2181 941 2259 quorum
959 2155 1052 2230 odor
1072 2151 1240 2227 bominea
1256 2151 1309 2224 in·

245 2273 455 2350 terficiebat.
472 2276 577 2349 Tune
596 2286 739 2350 sanotua'
762 2270 956 2348 Mattbaeua
973 2295 1048 2346 aeae
1065 2269 1307 2371 consignavit,

245 2407 282 2465 et
297 2389 518 2492 prohibente
531 2389 684 2465 Candaei
702 2387 889 2479 eunuobo,
904 2413 1049 2465 aeourua
1063 2385 1190 2462 exirit.
1212 2383 1311 2459 lllioo
1355 2369 1359 2380 ’

245 2523 288 2580 ut
310 2505 385 2586 duo
412 2509 506 2608 magi
532 2510 747 2610 uetuerunt,
769 2506 879 2582 ambo
901 2507 1076 2582 druoones
1097 2520 1185 2578 ante
1207 2498 1312 2603 peden

244 2627 320 2723 ejua
335 2621 627 2699 obdormierunt.
646 2626 753 2699 ‘lunc
771 2624 955 2726 apostolus
973 2626 1084 2723 magia
1100 2618 1195 2694 dixit
1213 2644 1223 2688 a
1244 2615 1316 2691 Uti

246 2758 299 2815 est
321 2767 385 2815 urs
402 2740 555 2815 vestm?
576 2743 622 2816 Si
627 2744 784 2844 potestis
790 2799 803 2833 ,
826 2744 986 2816 excitate
1005 2740 1103 2814 illos.
1120 2737 1179 2811 llli
1195 2750 1315 2810 autem

246 2873 323 2933 arte
338 2858 472 2960 uugiea
485 2857 659 2936 maeones
674 2860 829 2934 excitare
842 2860 962 2935 eonati
977 2848 1083 2947 aaut,
1097 2854 1159 2930 aed
1171 2854 1317 2956 penitae

246 3001 322 3050 non
347 2974 559 3076 potuerunt.
586 2978 726 3055 interea
745 2976 871 3076 populi
895 2987 1167 3062 convenerunt,
1188 2988 1226 3046 et
1248 2968 1317 3046 boo

246 3091 413 3167 videntes·
428 3092 710 3194 obstupuerunt.
730 3095 892 3179 Tandem
908 3094 1032 3170 beatius
1052 3092 1259 3195 apostolus,
1278 3088 1316 3163 in

247 3211 397 3284 nomine
425 3211 599 3300 Domini,
628 3214 804 3312 praeoepit
831 3214 935 3289 aaeai'a
959 3210 1136 3314 anguibus
1164 3224 1209 3283 ut
1234 3231 1320 3282 oum

247 3325 348 3399 omni
364 3326 639 3402 manauemdine
656 3326 701 3402 ad
718 3329 840 3403 looum
857 3355 962 3403 auum
979 3327 1162 3413 redirent,
1181 3341 1220 3401 et
1242 3325 1321 3398 aine

247 3439 395 3540 alicujus
408 3439 556 3517 laesione
567 3440 723 3519 abirent.
737 3440 909 3518 Protinus
926 3459 1109 3544 serpentes
1126 3457 1237 3541 eaput
1250 3438 1322 3514 ele·

248 3573 399 3648 aurunt,
416 3558 673 3660 ireooeperunt
682 3615 694 3652 ,
709 3579 747 3638 et
757 3563 890 3663 apertis
902 3563 1018 3661 portia
1031 3560 1161 3636 urbem
1174 3556 1320 3659 egreaai,

249 3699 426 3776 nunquam
440 3694 736 3776 comparuerant.

298 3794 404 3866 Tunc
421 3808 563 3866 sanctus
574 3796 800 3899 Evangelista
816 3795 1031 3898 gaudentem
1042 3793 1221 3895 populum
1235 3791 1325 3864 allo·

188 3948 201 3969 ·
251 3924 353 3982 cutus
371 3927 425 3984 est
448 3908 609 4016 benigno
631 3941 818 4010 sermone,
843 3930 881 3990 et
903 3920 1063 3988 narravit
1082 3912 1113 3986 ei
1131 3912 1262 3986 seriem
1278 3915 1326 3981 de

252 4027 359 4125 primi
384 4025 541 4103 bominis
568 4031 776 4109 conditione
797 4051 834 4108 et
852 4032 1003 4134 paradisi
1020 4029 1254 4116 amoenitate,
1278 4024 1325 4098 de

252 4159 422 4243 apostatae
445 4146 560 4246 augeli
583 4147 696 4223 livore
712 4166 748 4225 et
765 4150 994 4249 deceptione,
1018 4148 1062 4223 de
1084 4172 1165 4220 casu
1184 4157 1319 4242 proto·
