2916 4958
197 374 260 438 184
472 373 658 436 HISTORIA
679 370 987 435 Ecctssltsrlcs.

195 492 394 567 Guillelmo
412 493 535 567 Geroii
559 493 636 567 filio
661 507 698 566 et
719 489 913 592 nepotibus
931 486 1023 583 suis,
1053 493 1210 595 lingone
1226 493 1279 597 dc·

195 610 499 687 Grentemasnilio
517 628 554 685 et
576 610 764 686 Rodberto
785 611 896 687 fratre
912 614 1009 711 ejus,
1029 628 1273 690 restauratum

194 746 270 819 est3
292 747 328 805 et
346 728 558 805 venerabilis
569 729 811 804 Theodericus
833 730 1273 808 Gemmeticensismonu-

194 846 282 921 chus
306 849 445 947 primus
461 845 571 919 abbas
585 847 730 921 effectus
741 848 824 945 est(
848 847 879 945 ).

242 966 306 1037 His
320 962 544 1064 temporibus
565 965 681 1065 gravis
697 963 856 1038 simultas
873 977 910 1038 et
925 963 1010 1038 belli
1033 966 1272 1040 seminarium

196 1081 293 1155 iuter
309 1107 431 1182 regem
445 1083 669 1154 Francorum
683 1095 719 1153 et
731 1079 859 1155 ducem
885 1081 1187 1155 Normannorum
1209 1086 1281 1157 or?

193 1213 274 1272 tum
303 1214 368 1273 est.
385 1197 615 1271 Guilielmus
647 1198 747 1270 enim
773 1195 817 1271 de
843 1197 972 1271 Archis
989 1214 1140 1297 patruus
1165 1196 1272 1273 ducis

191 1331 319 1390 contra
330 1342 413 1390 eum
424 1313 628 1405 rebellavit,
645 1315 868 1416 consilioque
881 1315 1041 1418 Malgerii
1056 1314 1180 1389 fratris
1197 1314 1269 1407 sui,

191 1435 510 1534 Rotomageusium
536 1433 819 1535 archiepiscopi,
842 1435 1042 1507 Henricum
1069 1459 1193 1534 regem
1224 1432 1271 1507 ad

193 1552 246 1625 sui
263 1551 439 1624 auxilium
457 1551 635 1624 invitavit.
655 1548 849 1624 Animosus
867 1569 989 1625 autem
1002 1550 1076 1623 dux
1098 1550 1271 1650 protinus

191 1667 327 1744 Archas
340 1669 494 1759 obsedit,
508 1669 783 1770 Engelraunum
793 1671 965 1743 comitem
976 1669 1122 1742 Pontivi
1140 1682 1271 1743 contra

192 1813 277 1862 eum
293 1787 331 1859 in
346 1786 521 1887 oppidum
534 1787 670 1860 intrare
681 1786 864 1862 volentem
879 1788 1107 1886 praeveniens
1118 1785 1268 1879 occidit,

192 1918 231 1977 et
263 1904 471 1978 munitione
491 1901 641 1978 obtenta
674 1901 911 1978 Guillelmum
940 1903 1206 1995 exhaeredavit,
1232 1918 1271 1979 et

191 2021 408 2122 Malgerium
423 2023 652 2096 incentorem
668 2020 932 2094 dissensionum
948 2012 1154 2095 exordinari
1163 2012 1267 2096 fecit.

192 2136 298 2212 Unde
306 2164 368 2211 rex
380 2137 507 2210 Galliae
525 2137 633 2210 nimis
645 2135 851 2239 indignatus
869 2136 1078 2225 infremuit,
1098 2162 1272 2239 annoque

192 2253 344 2327 Domini
374 2265 477 2327 Μιιν0
508 2253 545 2326 in
569 2250 831 2327 'Ebroicensem
859 2279 992 2354 pagum
1022 2279 1107 2328 cum
1135 2252 1272 2354 magno

193 2371 355 2444 exercitu
388 2371 576 2459 introivit,
610 2385 647 2445 et
675 2371 840 2446 Odouem
873 2370 1025 2446 fratrem
1051 2398 1157 2445 suum
1172 2357 1272 2447 ‘cum

192 2488 318 2560 multis
340 2487 499 2561 militum
516 2490 647 2562 turmis
662 2517 729 2590 per
744 2490 994 2565 Belvacensem
1016 2517 1150 2592 pagum
1167 2504 1270 2565 trans

194 2605 396 2704 Sequanam
422 2605 626 2680 destinavit.
656 2610 773 2683 Porro
795 2607 869 2682 dux
896 2635 980 2682 curn
1014 2608 1128 2682 valida
1157 2634 1272 2692 manu

192 2721 269 2820 regi
286 2749 305 2796 e
321 2723 432 2798 latere
450 2723 703 2816 comitabatur,
723 2740 760 2799 et
775 2724 983 2799 Caletorum
1000 2741 1180 2801 catervam
1201 2718 1272 2801 snb

192 2866 304 2914 manu
316 2838 465 2913 Roberti
483 2838 654 2914 Aucensis
673 2842 815 2914 comitis
833 2858 868 2916 et
883 2841 1029 2941 Rogerii
1040 2841 1085 2915 de
1097 2842 1272 2917 Mortuo·

192 2958 284 3031 mari
300 2971 427 3031 contra
441 2957 607 3033 Odonem
619 2961 856 3058 praemiserat.
874 2960 1045 3033 Protinus
1059 2959 1135 3049 iili,
1154 2957 1274 3033 Gallis

193 3088 448 3164 occurrentes,
469 3075 565 3175 apud
593 3077 893 3150 Mortuum-mare
914 3075 1052 3150 bellum
1076 3075 1273 3153 commise-

193 3208 302 3282 runt,
325 3206 361 3266 et
376 3218 505 3294 magna
528 3191 625 3266 caede
643 3194 827 3295 utrimque
849 3208 992 3294 peracta
1009 3193 1137 3266 Franci
1160 3193 1273 3297 fuge-

192 3326 304 3398 runt;
326 3325 363 3384 et
378 3309 547 3386 Gnidoue
560 3311 706 3386 Pontivi
721 3311 877 3401 comite,
892 3312 955 3412 qui
972 3324 1130 3384 mortem
1143 3309 1273 3384 fratris

228 3627 269 3699 (r)
286 3627 361 3683 C'est
375 3625 401 3681 le
414 3625 432 3681 5
444 3626 558 3683 octobre
579 3625 645 3683 1050
662 3646 718 3703 que
731 3626 844 3682 Thierri
862 3625 898 3680 (le
915 3623 1075 3680 Matonville
1091 3624 1136 3680 fut
1152 3624 1274 3682 iustius

195 3717 265 3773 abbe'
281 3717 411 3774 d’Ouche
425 3736 461 3773 ou
476 3706 695 3775 saint-Evroult.
711 3719 752 3773 Eu
767 3716 911 3774 attendant
923 3715 962 3771 les
975 3715 1073 3771 details
1088 3716 1145 3770 tres
1158 3715 1271 3771 circon-

195 3809 312 3864 stancies
327 3825 382 3882 que
394 3818 475 3863 notre
490 3818 590 3864 auteur
599 3826 670 3864 nous
682 3808 808 3864 soumira
817 3807 926 3863 bientbt
936 3825 985 3862 sur
996 3805 1021 3860 la
1034 3805 1221 3861 restauration
1234 3804 1271 3861 de

194 3916 245 3954 son
257 3898 428 3966 monestere,
439 3897 593 3953 aussi-bien
607 3916 663 3972 que
675 3915 723 3952 sur
734 3897 760 3953 la
771 3897 876 3953 familie
885 3896 998 3963 Giroie,
1013 3913 1085 3950 nous
1095 3912 1130 3949 ne
1142 3910 1271 3967 pouvons

194 4006 264 4045 nous
277 3988 421 4062 dispencer
432 3987 467 4043 de
479 3988 548 4044 faire
559 4007 723 4064 remarquer
735 4007 791 4065 qne
807 3989 924 4063 Hngues
937 3999 966 4044 et
979 3987 1088 4043 Robert
1099 3985 1135 4041 de
1146 3984 1272 4041 Grente·

194 4077 293 4136 mesnil
312 4078 416 4135 etaient
433 4076 473 4133 les
493 4076 567 4134 deux
588 4078 629 4134 fils
648 4079 723 4134 unes
739 4076 775 4134 de
793 4078 901 4134 Robert
918 4076 953 4134 de
973 4074 1181 4134 Grentemesnil
1198 4072 1272 4131 dont

194 4187 264 4227 nous
277 4185 380 4224 venons
392 4165 427 4222 de
441 4164 544 4239 parler.
