2894 4958
484 456 776 518 trunn'entnus.
1125 450 1169 521 33'

103 604 212 680 panes
228 575 441 652 hordeaceos
459 590 495 648 et
514 577 604 649 duos
625 578 737 675 pisces
763 578 915 674 accepit,
936 579 1106 676 aspiciens
1127 581 1164 652 in

106 694 263 782 coelum,
289 691 490 778 benedixit,
510 691 637 791 fregit,
657 691 928 792 discipulisque,
948 711 990 764 ut
1006 721 1167 794 appone-

105 826 190 885 rent
205 807 340 898 turbis,
355 807 466 880 dedit.
483 805 623 879 Turbas
635 833 721 882 vero
738 833 844 906 super
859 807 1003 882 foenum
1014 808 1167 883 discum-

105 925 192 1001 bere
211 925 329 1025 jussit.
352 920 639 997 Miuistrantibus
655 921 844 1021 apostolis,
869 917 1031 1025 quinque
1055 927 1168 1000 millia

106 1044 291 1130 ιίιοιιιιιι,
313 1041 468 1139 exceptis
492 1039 704 1113 mulieribus
726 1054 763 1114 et
782 1041 959 1138 parvulis,
980 1043 1169 1117 manduca-

108 1175 241 1235 verunt
268 1174 305 1232 et
330 1158 477 1231 saturati
500 1171 602 1244 sunt;
628 1172 664 1230 et
692 1159 736 1230 de
760 1158 920 1258 reliqniis
945 1184 997 1231 ιιι
1023 1161 1170 1260 cophini

108 1275 395 1376 fragmentorum
405 1273 501 1371 pleni
516 1269 645 1343 sublati
661 1287 746 1346 sunt
757 1273 827 1370 (1).
840 1275 925 1346 Haec
937 1275 1058 1346 omnia
1072 1302 1171 1376 mys-

110 1394 209 1467 teriis
220 1393 326 1492 plena
339 1406 438 1462 sunt.
456 1391 555 1462 Jesus
570 1386 614 1462 de
628 1388 749 1462 Judaea
766 1389 915 1478 secedit,
933 1392 970 1463 in
991 1391 1172 1466 desertum

108 1509 274 1609 gentium
289 1506 400 1580 venit.
421 1503 555 1577 Turbae
569 1519 782 1603 sequuntur.
803 1505 1025 1605 Languidos,
1046 1533 1173 1582 eorum

109 1625 296 1711 misertus,
314 1637 429 1694 curat.
450 1619 621 1720 Quinque
632 1618 784 1719 panibus
796 1618 998 1694 hordeaceis
1009 1624 1173 1696 Mosaieae

110 1741 212 1841 legis,
222 1736 1171 1837 etduobuspiscibusprophetiaeetpsalmorum,pavit.

111 1859 162 1930 Et
184 1857 253 1930 hoc
270 1881 414 1954 vespere
424 1908 435 1943 ,
452 1854 487 1927 id
504 1870 558 1928 est
579 1853 652 1928 fine
667 1855 871 1928 seculorum
886 1857 1171 1956 propinquante,

111 1973 267 2074 peregit3
283 1998 366 2044 cum
379 1971 453 2069 ipse
463 1971 516 2044 sol
524 1972 676 2071 justitiae
687 1997 756 2070 pro
773 1971 879 2044 nobis
890 1970 1074 2045 occubuit.

161 2090 360 2176 Homines,
398 2114 481 2161 cum
516 2088 685 2162 vidissent
714 2087 813 2189 quod
841 2089 975 2163 fecerat
1007 2090 1173 2191 signum,

113 2204 283 2280 dicebant
298 2206 381 2306 quia
398 2205 456 2277 hic
475 2219 530 2277 cst
555 2230 637 2278 vere
658 2203 832 2303 propheta
854 2207 917 2305 qui
934 2222 1106 2279 venturus
1124 2222 1178 2278 est

115 2323 154 2394 in
171 2319 362 2395 mundum.
381 2322 480 2394 lesus
502 2345 610 2419 ergo,
635 2345 718 2393 cum
740 2320 964 2419 cognovisset
988 2323 1072 2421 quia
1088 2347 1178 2394 ven-

115 2438 188 2509 turi
212 2450 329 2509 essent
351 2451 393 2507 ut
413 2462 495 2509 enm
512 2451 681 2534 raperent
703 2451 740 2508 et
755 2431 876 2536 regem
894 2436 1078 2525 facerent,
1102 2437 1178 2509 dis-

115 2553 254 2652 cipulos
268 2553 374 2652 jussit
397 2555 436 2625 in
459 2553 660 2625 naviculam
679 2551 884 2640 ascendere,
910 2578 1063 2653 eumque
1079 2567 1178 2625 trans

114 2671 251 2745 fretum
286 2670 511 2770 praecedere,
542 2685 578 2742 et
606 2670 679 2765 ipse
703 2669 846 2741 dimissa
880 2667 984 2740 turba
1015 2668 1110 2769 fugit
1140 2671 1177 2741 in

115 2800 281 2858 montem
296 2785 391 2857 solus
404 2810 517 2857 orare.
534 2786 691 2883 Vespere
703 2783 817 2872 facto,
834 2784 996 2856 navicula
1011 2784 1048 2855 in
1061 2783 1181 2858 medio

116 2905 207 2977 mari
221 2901 425 3002 jactabatur
436 2901 623 2990 fluctibus,
639 2919 675 2976 et
694 2929 784 3000 pene
802 2916 877 2975 tota
897 2918 1005 2976 nocte
1022 2903 1059 2973 in
1076 2904 1182 2975 remi·

116 3017 490 3122 gandolaborantibus
503 3035 631 3093 ventus
643 3017 807 3091 obstabat
818 3021 1031 3091 contrarius.
1047 3019 1181 3112 Quarta

119 3139 240 3240 vigilia
255 3140 395 3224 noctis,
419 3163 502 3208 cum
524 3137 755 3236 remigassent
774 3137 874 3236 quasi
893 3135 1001 3207 stadia
1026 3162 1099 3208 xxv
1124 3137 1181 3208 vel

122 3257 293 3355 triginta,
319 3255 418 3327 venit
443 3255 486 3326 ad
509 3278 569 3326 eos
592 3250 777 3326 ambulans
802 3280 909 3350 super
933 3279 1048 3338 mare;
1075 3268 1112 3326 et
1132 3253 1182 3325 ri-

120 3370 264 3469 dentes,
287 3370 439 3441 timuere
456 3369 539 3468 quia
560 3367 736 3466 putabant
757 3392 839 3439 eum
863 3366 1070 3464 phantasma
1094 3393 1180 3440 esse.

122 3486 201 3557 Prae
211 3485 343 3556 timore
354 3482 601 3570 clamantibus,
615 3483 734 3554 statim
746 3483 838 3554 dixit
849 3483 965 3554 Jesus:
980 3483 1066 3582 Ego
1078 3510 1183 3570 sum,-

124 3603 233 3674 nolite
246 3604 381 3673 timere.
395 3643 445 3659 -
460 3601 629 3687 Domine,
649 3599 769 3699 inquit
783 3598 923 3685 Petrus,
939 3603 971 3670 si
985 3614 1023 3670 tu
1033 3625 1084 3686 es,
1092 3600 1185 3698 jube
1256 3674 1261 3681 ,

125 3745 180 3791 me
204 3721 329 3791 venire
354 3718 407 3791 ad
429 3731 464 3790 te
491 3743 600 3819 super
625 3743 756 3814 aquas.
787 3715 836 3786 At
860 3715 933 3812 ipse
958 3715 1007 3786 ait
1033 3746 1041 3786 :
1074 3718 1182 3788 Veni.

126 3831 349 3907 Descendens
363 3833 488 3905 Petrus
500 3833 544 3904 de
562 3830 737 3918 navicula,
752 3828 912 3902 ambulat
923 3857 1029 3929 super
1041 3857 1183 3931 aquam,

162 4127 203 4196 (ι)
221 4125 319 4180 Marah.
337 4143 390 4192 ιιιι,
405 4123 501 4189 13-213
517 4126 600 4179 Marc.
617 4143 661 4194 vr,
676 4123 772 4193 30-44;
787 4126 853 4179 Luc.
867 4144 905 4191 n,
924 4143 1022 4201 10-173
1034 4125 1132 4179 Joann.
1147 4140 1185 4191 rr,

134 4213 206 4271 1·13.

206 4333 230 4377 ι.
1023 4307 1042 4373 3
