2916 4958
190 436 252 500 aaa
446 430 651 518 aurona
668 433 975 499 nocturnum

191 557 304 633 stolus
321 569 441 631 autem
457 571 625 630 constans
640 566 678 629 et
692 554 818 629 alacris
833 555 1012 630 doctrinae
1023 572 1061 631 et
1077 559 1255 633 orationi-

191 673 258 749 hus
275 673 419 748 institit.
433 674 548 748 'Tunc
561 672 797 775 Ephigeniam
812 672 857 747 ad
878 673 985 773 pedes
1002 677 1077 775 ejus
1094 680 1257 776 prostra-

190 805 265 865 um
274 816 396 865 coram
403 790 505 865 omni
514 789 652 891 populo
661 787 859 880 benedixit,
867 791 1071 866 etvelamen
1081 790 1257 893 capitibus

191 906 358 981 omnium
366 906 567 1006 virginum,
581 917 663 1006 'quae
675 904 810 980 ibidem
817 922 940 997 erant,
953 908 1142 1008 imposuit.
1155 910 1258 983 Gum-

190 1049 262 1125 que
277 1023 449 1125 mysteria
465 1023 633 1113 Domini,
651 1021 827 1097 celebrata
849 1025 977 1117 missa,
999 1027 1120 1100 omnis
1144 1028 1258 1103 eccle-

190 1139 240 1212 sia
258 1138 487 1239 suscepisset,
507 1153 544 1212 et
566 1139 811 1240 unusquisqne
829 1138 874 1214 ad
898 1143 1087 1242 propriam
1110 1142 1258 1218 domum

191 1271 381 1332 remeasset
391 1284 402 1345 ς
424 1257 498 1356 ipse
509 1258 613 1355 juxta
626 1256 755 1347 altare,
774 1254 843 1330 uhi
855 1282 989 1359 corpus
1001 1259 1152 1333 Domini
1169 1285 1259 1334 oon·

192 1371 347 1461 lecerat,
362 1373 534 1446 remansit
542 1424 553 1462 ,
567 1370 692 1474 ibique
702 1372 869 1446 manibus
879 1375 1042 1474 expansis
1053 1400 1165 1450 orans
1173 1400 1259 1449 mar·

193 1490 332 1591 tyrium
355 1489 504 1588 recepit.
531 1488 736 1588 spiculator
762 1491 867 1564 enim
882 1488 928 1563 ab
952 1492 1114 1592 Hyrtaoo
1135 1493 1259 1565 missus

192 1605 396 1705 apostolum
420 1631 441 1678 a
466 1619 566 1706 tergo
582 1621 761 1705 punctum
784 1605 903 1706 gladio
924 1610 1121 1708 percussit,
1151 1625 1188 1684 et
1211 1608 1260 1681 sic

193 1719 327 1794 Christi
343 1733 542 1820 martyrem
557 1718 657 1794 lecit.
678 1718 761 1813 Quo
779 1720 1029 1812 andito,·cum
1045 1725 1130 1825 igue
1146 1722 1191 1798 ad
1205 1748 1261 1824 pa·

192 1836 320 1910 latium
336 1835 509 1938 pergebat
526 1838 645 1912 omnis
661 1839 835 1939 populus,
851 1841 912 1916 sed
927 1841 986 1913 vix
1003 1869 1022 1914 a
1039 1840 1261 1944 preshyteris

193 1970 231 2030 et
240 1952 451 2030 diaconibus
460 1984 476 2051 ,j
490 1955 639 2056 aliisque
651 1955 825 2056 religiosis
840 1958 926 2030 viris
943 1960 1123 2033 coercitus
1139 1976 1195 2034 est
1209 1984 1262 2032 sa·

195 2074 265 2147 cris
285 2071 595 2148 admonitionibus
615 2099 662 2148 ne
679 2099 800 2175 regem
821 2072 1079 2151 comburerent
1094 2101 1181 2150 cum
1193 2076 1262 2150 suis

193 2188 376 2263 omnihus.
404 2191 520 2266 Porro
539 2189 760 2291 Ephigenia,
781 2191 955 2292 quicquid
971 2192 1008 2265 in
1026 2217 1118 2265 auro
1144 2208 1181 2266 et
1205 2218 1263 2265 ar-

137 2383 138 2387 ,
193 2321 304 2405 gento
319 2319 357 2378 et
372 2305 522 2406 gemmis
539 2301 670 2379 hahere
687 2306 828 2405 potuit,
850 2305 1094 2381 sacerdotibus
1113 2322 1151 2381 et
1167 2307 1262 2381 clero

195 2420 353 2495 contulit
362 2472 374 2509 ,
392 2434 435 2493 ut
459 2420 544 2494 inde
563 2419 709 2521 dignam
725 2422 891 2520 apostolo
908 2422 1092 2496 basilicam
1107 2421 1264 2496 fabrica-

134 2591 137 2598 ‚
195 2552 299 2627 rent,
331 2551 367 2611 et
397 2534 828 2658 residumpflpauperihus
853 2554 1057 2640 erogarent.
1086 2540 1264 2641 Hyrtacus

194 2678 283 2728 vero
295 2677 361 2751 per
374 2651 556 2726 nobilium
566 2678 696 2728 uxores
713 2652 811 2726 illam
824 2655 925 2753 prius
942 2654 1095 2728 tentavit
1106 2709 1119 2745 ,
1138 2653 1265 2729 deinde

195 2796 260 2870 per
285 2794 408 2870 magos
434 2767 602 2844 seducere
628 2771 767 2871 sategit.
797 2769 852 2844 Ad
878 2788 1101 2861 extremum,
1121 2770 1265 2871 mundo

197 2886 289 2960 nihil
305 2884 350 2958 ad
364 2910 469 2957 suum
485 2885 696 2984 profecisset
712 2885 879 2975 lihitum,
901 2887 988 2961 fecit
1010 2888 1092 2988 igne
1108 2887 1265 2960 circum-

194 3003 270 3078 dari
284 3003 518 3106 praetorium,
538 3006 576 3076 in
598 3029 672 3104 quo
690 3030 775 3078 cum
792 3003 993 3105 virginibus
1009 3003 1145 3077 Christi
1163 3030 1265 3079 com-

67 3170 71 3175 „
196 3117 417 3207 morabatur,
442 3118 500 3193 dic
527 3135 711 3220 noctuque
725 3120 801 3195 Deo
834 3146 900 3203 suo
920 3117 1178 3194 famulabatur.
1199 3119 1265 3196 set

196 3262 278 3309 cum
292 3261 359 3336 per
373 3233 566 3308 circuitum
577 3237 671 3336 ignis
681 3236 842 3326 arderet,
856 3236 1001 3339 angelus
1015 3236 1167 3310 Domini
1183 3262 1264 3310 cum

199 3369 322 3425 sancto
351 3348 526 3424 Matthaeo
555 3351 720 3451 apostolo
748 3352 930 3452 apparuit,
964 3377 1078 3424 sacras
1106 3353 1265 3454 virginet

197 3468 439 3557 confortavit,
462 3467 685 3569 celeremque
707 3467 959 3543 liberationem
977 3469 1264 3569 promisithlox

193 3590 288 3662 Deus
300 3600 451 3660 ventum
463 3583 718 3659 validissimum
729 3587 918 3678 excitavit,
933 3612 1043 3661 omne
1055 3586 1264 3661 incendium

193 3700 340 3776 adorno
361 3699 512 3799 virginis
527 3725 600 3774 suae
624 3702 796 3790 mutavit,
814 3716 852 3775 et
869 3702 1042 3801 palatium
1065 3703 1160 3801 regis
1180 3727 1264 3777 cum

193 3817 424 3894 facultatibus
451 3823 526 3917 ejus
554 3819 793 3918 consumpsit.
820 3820 900 3918 lpse
926 3835 1047 3894 autem
1075 3845 1160 3892 cum
1186 3818 1263 3893 lilio

193 3938 302 4012 unico
319 3937 379 4009 rix
394 3936 521 4024 evasit;
543 3934 603 4009 sed
624 3935 707 4010 inde
725 3937 867 4010 nullum
885 3937 917 4010 ei
937 3936 1105 4037 gaudium
1130 3962 1262 4035 prore-

195 4056 264 4129 nit.
286 4054 380 4128 Nam
398 4052 516 4126 lilium
535 4056 612 4152 ejus
630 4051 959 4128 vehementissimus
972 4054 1119 4128 ‹laemon
1134 4053 1263 4155 imple·

195 4173 268 4263 vit,
286 4171 483 4272 rapidoque
498 4170 667 4245 osmund
686 4170 847 4246 Matthaei
865 4171 1018 4272 apostoli
1038 4171 1261 4271 sepulturam
