2894 4958
443 466 561 531 LIBER
579 467 791 531 SECUNDUS.
1092 466 1153 534 305

102 590 227 694 djutus
248 590 378 663 multas
405 588 567 664 ecclosias
591 588 814 678 construxit,
842 603 879 663 et
901 590 1088 692 episcopos
1111 618 1153 664 ao

102 709 317 811 nosbyteros
338 735 423 782 cum
441 707 590 810 reliquis
611 706 800 781 ordinibus
816 708 923 781 sacris
939 709 978 782 in
996 708 1153 783 Ecclesia

102 825 282 901 ndinovit.
297 824 434 899 Deinde
447 851 511 924 per
520 824 773 899 revelationem
786 824 831 898 ad
841 825 962 898 Asiam
973 851 1152 916 reversus,

102 973 126 1021 n
148 945 293 1018 civitate
313 943 496 1043 Hierapoli
521 959 763 1021 commoratus
786 943 978 1044 malignam
1000 945 1157 1019 extinxit

102 1063 255 1138 semim
277 1061 551 1151 Ebionitsrum,
576 1063 639 1162 qui
664 1063 863 1136 Dominum
884 1064 1005 1137 lesum
1024 1078 1158 1164 negant

102 1204 163 1255 soe
177 1178 246 1252 Dci
263 1176 379 1251 filium
388 1230 401 1267 ,
418 1202 486 1250 nec
499 1175 656 1251 hominis
670 1202 802 1277 corpus
819 1180 1008 1277 sumpsisse
1019 1177 1065 1252 de
1076 1178 1158 1253 Vin·

102 1296 174 1396 gine
189 1321 329 1370 verum.
346 1297 436 1368 Duae
453 1319 540 1368 vero
556 1293 640 1367 filiae
654 1298 731 1395 ejus
746 1295 990 1368 sacratissimae
999 1295 1157 1397 virgines

102 1411 141 1487 bi
158 1427 281 1501 erant,
304 1439 370 1512 per
384 1438 472 1512 quas
489 1412 666 1486 Dominus
686 1412 959 1494 multitudinem
974 1413 1158 1514 virginum

102 1546 247 1605 ucrstus
263 1545 329 1604 est.
352 1531 430 1630 lpse
447 1546 567 1604 autem
583 1545 668 1605 ante
683 1545 821 1630 septem
840 1531 915 1604 dies
931 1531 1158 1631 migrationis

102 1674 182 1748 nm,
212 1646 442 1749 presbyteros
469 1663 506 1722 et
526 1647 696 1723 diaconos
723 1663 759 1722 et
783 1649 984 1722 vicinarum
1010 1647 1158 1722 urbium

102 1765 275 1867 piscopos
290 1766 334 1839 sd
354 1792 392 1839 se
406 1768 567 1856 vocavit3
587 1768 728 1868 eisque,
747 1767 847 1867 quod
863 1781 999 1867 septem
1015 1781 1159 1840 tantum

102 1878 215 1957 liebus
228 1884 352 1957 vitales
366 1910 468 1956 auras
484 1897 667 1983 carperet,
683 1884 866 1983 praedixit.
882 1882 1018 1958 Deinde
1031 1908 1158 1957 omnes

102 2001 318 2077 tommonuit
347 2016 389 2073 ut
418 2001 457 2073 in
488 1998 558 2074 fide
584 2001 740 2074 viriliter
763 2015 900 2073 starent
922 2013 960 2073 et
980 1997 1159 2073 doctrinae

102 2116 237 2191 lomini
254 2142 393 2215 semper
407 2141 585 2190 memores
601 2131 732 2189 essent.
747 2104 912 2215 Denique
928 2112 1054 2188 heatus
1070 2138 1160 2213 apo-

102 2232 204 2309 tolus
211 2287 224 2323 ,
238 2249 430 2333 postquam
446 2235 590 2331 copiose
602 2228 811 2307 exhortatus
822 2245 876 2304 est
887 2231 1083 2331 populum,
1097 2256 1160 2302 an·

102 2376 225 2427 torum
242 2358 371 2440 cxxx⁰,
391 2368 427 2424 et
440 2363 508 2424 vu⁰
521 2350 592 2422 kal.
606 2350 690 2422 maii
705 2349 865 2449 perrexit
880 2348 925 2421 ad
937 2349 1157 2436 Dominum3

102 2467 325 2577 ullierepoli
348 2466 568 2538 tumulatum
581 2481 635 2540 cst
649 2491 781 2565 corpus
794 2468 868 2564 ejus
880 2463 1157 2538 sanctissimum.

102 2587 176 2661 lost
195 2585 399 2686 aliquantos
417 2610 531 2658 annos
548 2584 629 2657 duee
652 2583 738 2657 filioe
760 2587 835 2683 ejus
855 2584 981 2657 dextra
1003 2583 1162 2684 laevaque

102 2699 240 2801 epultae
252 2715 356 2790 sunt;
372 2698 496 2801 ibique
507 2699 619 2772 multa
631 2697 803 2773 beneficia
816 2697 971 2773 fideliter
981 2698 1163 2797 poscenti-

102 2841 156 2891 ιω
177 2815 275 2891 liunt
295 2817 435 2890 meritis
451 2815 567 2905 illius,
592 2813 637 2888 ad
656 2841 766 2916 quem
786 2815 891 2888 amici
913 2814 1035 2914 sponsi
1057 2840 1161 2887 acce-

102 2930 201 3020 dent,
213 2947 252 3007 ct
267 2931 504 3033 tripudiantes
517 2932 620 3005 claris
636 2931 785 3005 vocibus
800 2932 849 3004 ita
866 2947 1027 3005 mount:
1046 2933 1163 3005 Proni

102 3071 284 3153 tigamus,
298 3050 491 3153 Philam
506 3077 547 3124 os
561 3049 748 3152 lampadis
764 3078 773 3122 :
785 3053 876 3152 pios
887 3049 1043 3122 coelestis
1053 3075 1160 3122 aures

102 3167 198 3242 mlta
205 3167 371 3268 judicis3
390 3185 429 3240 ut
449 3193 533 3268 quoe
548 3192 727 3240 meremur
738 3167 890 3269 repellat
903 3167 1106 3269 supplicia,
1125 3182 1160 3239 et

102 3310 172 3383 nus
183 3312 382 3387 precamur
394 3285 456 3358 det
471 3312 633 3388 superno
641 3285 801 3386 gaudio.
817 3287 965 3384 Amen(
989 3287 1021 3384 ).

118 3618 160 3691 (ι)
178 3618 261 3676 Cette
284 3619 402 3695 legende
425 3631 467 3675 est
488 3623 653 3695 empruotee
679 3638 797 3695 presque
815 3620 1013 3676 litteralement
1033 3639 1069 3675 au
1090 3620 1155 3676 saux

102 3702 206 3775 duliae,
224 3705 295 3764 dont
312 3708 365 3764 elle
382 3710 521 3765 constitue
538 3708 566 3764 le
583 3709 652 3763 livre
671 3728 696 3762 u.
712 3709 789 3764 Tout
802 3727 833 3764 ce
846 3709 931 3783 qu’on
951 3710 1003 3764 sait
1023 3727 1071 3764 sur
1083 3711 1154 3765 saint

102 3788 232 3866 wippo,
247 3804 290 3850 est
300 3796 370 3870 qo'il
389 3796 531 3870 prechala
547 3797 586 3851 soi
599 3795 668 3852 dans
685 3796 725 3852 les
738 3796 810 3851 deux
825 3794 977 3872 Phrygios,
996 3807 1025 3853 et
1042 3797 1086 3853 sut
1102 3817 1154 3853 en-

102 3883 160 3937 ιπό
176 3880 249 3937 dnn·
267 3880 295 3937 la
311 3884 435 3958 Phrygio
450 3885 629 3954 Pacatienne‚
645 3905 710 3941 avec
727 3884 801 3941 deux
816 3886 852 3941 de
870 3904 912 3943 ses
930 3886 1012 3955 illes,
1031 3888 1153 3961 vierges,

102 3969 133 4042 pi
146 3980 200 4026 ont
208 3973 255 4027 ete
264 3982 381 4028 souvent
394 3973 565 4030 confondues
578 3994 641 4031 avec
650 3975 689 4030 les
701 3975 768 4030 filles
781 3975 816 4029 dc
826 3977 898 4031 saint
911 3976 1039 4050 Philipps
1051 3975 1155 4030 diacre.

102 4057 134 4115 >n
146 4061 235 4128 croit,
249 4060 357 4135 d'apnls
374 4081 413 4118 un
433 4082 546 4139 passage
561 4065 597 4120 de
617 4066 690 4120 saint
707 4067 822 4133 lrencc,
842 4065 908 4139 qu’il
921 4069 1003 4121 ve'cut
1019 4084 1054 4120 au
1067 4066 1158 4120 moins

102 4151 215 4226 nqu'en
226 4150 272 4208 81.
286 4151 364 4209 Nous
375 4173 412 4210 ne
428 4173 548 4230 pensons
561 4174 610 4231 pas
628 4174 683 4232 que
703 4167 747 4212 oct
763 4155 860 4230 apdtrc
875 4159 915 4212 ait
934 4159 978 4213 ete
995 4176 1031 4213 en
1049 4165 1159 4212 contact

102 4226 366 4301 salamonius

164 4358 190 4404 Ι.
964 4361 1010 4408 20
