2894 4958
185 371 248 434 2³4
463 369 649 435 HISTOth
668 369 977 441 ttccthltstlcn.

184 495 315 568 Petms
334 490 518 592 apostolus
536 493 716 593 jejunium
740 490 891 584 indixit,
917 494 1254 597 monem

186 608 246 685 die
260 607 447 686 dominico
463 608 678 711 baptizavit3
702 626 740 687 et
757 613 797 686 in
816 612 938 687 medio
953 612 1104 714 popili,
1123 638 1173 689 ex
1185 616 1256 715 eju

186 729 423 805 conversione
439 728 626 805 materiam
644 757 806 820 sumens,
828 756 955 805 omnes
975 757 1076 805 casus
1097 734 1178 832 ejus
1197 754 1257 807 fl·

186 846 322 947 posuit.
336 847 454 921 Porro
471 844 675 946 hujumodi
693 846 855 922 namatio
869 844 914 920 ad
929 843 1215 923 delettationem
1225 861 1259 923 tt

186 963 383 1039 utilitatem
397 962 523 1038 multis
537 963 691 1062 placuit,
708 964 974 1068 praefatumque
986 988 1073 1039 mma
1084 988 1151 1039 stu
1162 962 1260 1040 iani·

186 1078 234 1152 lia
255 1105 378 1153 senem
396 1077 635 1156 Antiochense
650 1076 750 1180 plebi
764 1078 961 1154 admodum
976 1077 1256 1155 commenthvit

189 1199 283 1271 Tota
301 1220 389 1270 vero
414 1195 537 1269 civitas
560 1197 599 1270 in
621 1195 747 1270 divino
770 1196 873 1270 cultu
894 1195 1051 1271 feliciter
1072 1196 1211 1292 crevit,
1225 1210 1259 1272 tt

187 1327 308 1387 sancta
324 1316 443 1387 mater
451 1312 628 1402 Ecclesia,
646 1312 811 1414 quotidie
824 1338 983 1389 numero
994 1311 1163 1389 fidelium
1175 1336 1260 1389 estt-

190 1446 315 1521 cente,
330 1432 369 1505 in
386 1429 535 1506 Christo
549 1433 633 1504 lesu
648 1430 823 1506 exultavit
841 1432 857 1531 (
881 1434 912 1530 ).

239 1546 369 1620 Beatus
392 1545 513 1647 itaque
537 1546 664 1621 Petrus
687 1546 870 1646 apostolus
891 1547 1055 1648 primum
1079 1548 1190 1622 annis
1211 1570 1258 1622 tn

188 1664 227 1738 in
248 1662 441 1740 Antiochia
465 1664 573 1754 sedit,
601 1681 639 1739 et
656 1666 794 1753 Ponto,
817 1662 987 1757 Galatiae,
1004 1664 1258 1767 Cappadocis,

188 1778 284 1853 Asioe
299 1796 337 1854 et
350 1779 537 1886 Bithyniae
549 1779 772 1885 praedicavit.
788 1779 925 1856 Deinde
942 1782 1099 1858 Romam
1115 1782 1261 1856 Simone

188 1922 294 1998 mago
309 1911 456 1998 petente
464 1948 476 1987 ,
492 1896 620 1971 Petrus
635 1894 901 1972 Antiochenam
916 1896 1103 1972 ecclesiam
1117 1895 1260 1971 ordina·

188 2013 261 2102 vit,
285 2028 323 2088 et
346 2011 527 2089 Evodinm
547 2015 757 2114 episcopum
783 2011 834 2086 ihi
860 2039 930 2113 pro
954 2037 993 2089 se
1021 2012 1258 2089 consecrarit.

189 2129 353 2231 Denique
373 2131 529 2204 Romam
545 2128 812 2231 cumpluribus
828 2130 949 2205 electis
969 2129 1160 2230 discipulis
1175 2155 1260 2230 per·

187 2246 302 2336 rexit,
317 2261 356 2321 et
367 2248 545 2348 ingressus
557 2245 688 2322 urbem
698 2261 863 2348 tempore
874 2245 1014 2321 Claudii
1029 2245 1183 2320 Caesaris
1192 2245 1258 2346 (a),

185 2361 380 2461 praelatum
400 2365 689 2465 praestigatorem
704 2365 760 2463 (ὃ)
768 2417 780 2453 ,
802 2361 970 2465 pluribus
986 2361 1188 2464 phantasiis
1200 2386 1262 2462 per

187 2477 450 2555 daemoniacam
465 2483 661 2572 virtutem,
684 2509 792 2583 quam
809 2481 1004 2583 paredrum
1025 2481 1083 2581 (l)
1106 2493 1260 2569 vocant,

188 2596 367 2697 populum
380 2596 642 2698 decipientem,
661 2600 801 2675 invenit
818 2601 859 2673 in
875 2615 1015 2673 tanum
1031 2598 1264 2674 insolentiam

187 2713 341 2804 elatum,
367 2730 410 2787 ut
434 2714 544 2790 deum
569 2741 607 2791 se
632 2743 706 2792 esse
732 2715 962 2818 gloriaretur,
988 2732 1026 2792 et
1051 2741 1073 2789 a
1102 2713 1264 2791 romanis

189 2830 329 2905 civibus
341 2830 481 2908 honore
494 2834 676 2908 simulacri
690 2835 729 2908 in
742 2833 894 2909 flumine
905 2833 1050 2909 Tiberis
1062 2834 1164 2909 inter
1174 2832 1264 2907 duos

186 2965 319 3050 pontes
345 2951 511 3026 collocati
541 2968 713 3052 tanquam
736 2951 824 3026 dens
848 2954 1044 3054 potiretur.
1074 2954 1186 3026 llnnc
1207 2950 1266 3025 ni·

187 3068 325 3142 mirum
338 3071 486 3143 Satanas
499 3084 574 3143 tam
584 3095 757 3144 vesasmm
773 3072 885 3143 totius
898 3069 1136 3172 malignitatis
1147 3069 1267 3142 incen-

187 3201 307 3260 torem
324 3187 468 3288 penitus
484 3186 664 3286 possedit,
681 3202 790 3288 atque
809 3186 855 3260 ad
870 3185 1119 3262 debellandam
1138 3183 1266 3260 Eccle-

95 3557 97 3562 ’
222 3535 262 3606 (ι)
279 3535 362 3590 leisc
374 3535 528 3590 terminent
540 3533 580 3589 les
596 3543 742 3608 emprnnts
753 3532 817 3589 faits
832 3552 883 3607 par
898 3544 980 3588 notre
995 3543 1097 3590 auteur
1108 3551 1167 3588 aux
1177 3533 1273 3588 Boio*

189 3623 313 3692 gnitions
324 3621 360 3677 de
372 3621 445 3677 saint
459 3621 605 3678 Clement:
619 3622 851 3695 Recognitionum
865 3621 896 3677 S.
914 3622 1064 3678 Clementis
1076 3620 1120 3677 ad
1129 3620 1266 3678 Iacobum

180 3706 310 3780 fratrem
322 3709 438 3764 Domini
447 3709 514 3764 llbrs'
522 3727 547 3764 x.

224 3797 264 3868 (a)
280 3796 329 3854 On
344 3797 422 3872 place
434 3816 471 3854 en
482 3798 537 3853 l’an
550 3802 583 3866 da
596 3818 628 3855 ce
638 3800 762 3872 premier
773 3815 877 3873 voyage
889 3799 925 3855 de
937 3799 1011 3855 saint
1022 3798 1119 3855 Picrre
1131 3799 1150 3855 d
1162 3797 1263 3880 Rome,

188 3905 245 3961 qne
255 3904 327 3942 nous
337 3906 372 3942 ne
384 3906 501 3961 croyons
511 3907 560 3963 pas
573 3891 691 3963 pouvoir
701 3889 848 3945 admettre.

223 3973 263 4046 (ὅ)
282 3976 356 4031 Lisea
369 4001 375 4030 ι
389 3981 634 4051 proestigIatorem.

226 4064 265 4133 (l)
282 4064 322 4119 Ce
337 4076 410 4136 mot,
425 4069 475 4141 qui
491 4069 622 4144 equinus
639 4071 655 4125 t
672 4072 821 4141 assistens,
837 4069 980 4138 assidens,
995 4067 1106 4143 signilie
1123 4067 1163 4125 ici
1181 4066 1266 4143 esprit

181 4153 324 4225 fasnilier.
