2894 4958
207 403 266 463 218
479 399 663 462 HISTORIA
683 397 989 463 uccumttsutot.

208 516 384 593 custodias
396 519 563 618 usquead
578 532 722 620 portam
734 517 909 610 ferream,
930 546 1014 622 qum
1032 519 1136 596 ultro
1150 540 1267 627 aperu

206 647 261 709 est
281 634 351 722 eis,
375 634 619 732 pertransivit.
654 636 740 707 Haec
768 635 807 708 in
839 637 976 710 somnis
1005 635 1086 711 fieri
1116 643 1266 740 putavit

207 751 565 851 Discedeuteangelo,
578 753 839 827 insereversus
848 753 1099 829 reiveritatem
1108 758 1267 857 agnovit,

206 885 242 944 et
255 896 324 971 pro
336 871 522 969 ereptione
534 871 588 943 sui
609 895 676 945 suo
691 868 876 945 liberatori
898 873 1033 973 gratias·
1046 875 1125 975 egit
1137 876 1214 974 (s).

253 985 312 1058 Ad
337 985 488 1075 fratres,
512 985 576 1084 qui
605 986 644 1057 in
672 985 781 1062 domo
806 987 933 1060 Mariae
962 989 1088 1061 matris
1121 990 1267 1066 Joanuis

206 1102 422 1203 cognomine
434 1103 545 1176 Marci
563 1103 767 1203 congregati
778 1119 901 1193 erant,
921 1106 1045 1205 venit,
1058 1106 1266 1207 eoquepul·

203 1235 306 1295 sante
336 1220 470 1293 ostium
502 1218 604 1295 Rode
637 1219 754 1319 puella
783 1219 827 1292 ad
851 1218 1045 1295 videndum
1080 1224 1263 1322 prooessit.

204 1337 359 1437 Cognita
388 1363 476 1412 vero
504 1363 592 1413 voce
616 1339 736 1427 Petri,
763 1364 841 1437 prae
861 1336 993 1438 gaudio
1017 1341 1172 1438 januum
1195 1364 1264 1414 nou

205 1456 347 1556 aperuit
356 1508 369 1545 ,
392 1454 454 1529 sed
470 1456 742 1544 introcurrens,
762 1470 856 1530 stare
871 1457 1020 1529 Petrum
1039 1482 1112 1556 pro
1128 1456 1263 1534 foribm

205 1573 400 1647 nuntiavit.
422 1572 583 1648 Tandem
604 1574 799 1674 ingressor,
821 1572 1053 1674 obstupentes
1074 1574 1263 1675 discipulos

202 1687 443 1778 confortavit,
476 1706 513 1763 et
539 1690 694 1790 qualiter
724 1716 807 1763 eum
834 1689 881 1764 de
915 1715 1056 1765 carcere
1091 1691 1263 1766 Dominus

203 1805 381 1882 eduxisset
404 1809 605 1898 enarravit,
631 1832 860 1909 egressusque
880 1807 1072 1882 confestim
1095 1810 1136 1883 iu
1160 1810 1262 1884 alium

203 1920 326 1996 locum
348 1924 501 1997 secessit.
530 1923 667 1998 Deinde
689 1924 815 2024 ingens
836 1921 995 1997 turbatio
1019 1925 1119 1999 inter
1138 1925 1262 2001 milites

202 2035 248 2111 de
264 2039 373 2114 Petro
388 2038 482 2112 facta
502 2054 575 2129 est,
601 2065 717 2140 eoque
742 2065 818 2115 non
847 2055 992 2139 reperto
1017 2039 1181 2117 Herodes
1208 2067 1262 2116 rer

204 2155 412 2231 custodibus
440 2157 595 2229 nimium
622 2157 732 2231 iratus
754 2173 820 2232 est.
844 2159 946 2258 Regis
963 2184 1051 2234 vero
1074 2158 1262 2232 facinnsiu

201 2273 381 2371 apostolos
399 2287 647 2372 perpetratum
664 2273 876 2349 dilationem
892 2301 969 2350 non
992 2276 1135 2374 patitur
1158 2276 1277 2395 ultio·

201 2389 260 2463 nis
267 2418 279 2479 ς
309 2389 371 2463 sed
396 2392 573 2465 continuo
597 2390 729 2465 vindex
754 2391 852 2466 adest
874 2391 1018 2468 dextera
1045 2392 1260 2482 divinitatis,

202 2506 297 2578 sicut
313 2507 425 2579 Lucas
442 2505 567 2580 edocet
585 2507 623 2579 in
643 2506 793 2581 Actibus
815 2508 1083 2608 apostolorum,
1112 2525 1152 2584 et
1171 2510 1261 2584 Jose·

203 2622 296 2722 phus
316 2625 355 2695 in
376 2625 621 2699 nonodecimo
644 2621 740 2698 libro
766 2624 1048 2726 Antiquitatum.
1072 2626 1169 2698 Nam
1188 2652 1261 2700 cum

203 2740 418 2827 Goesaream,
444 2766 526 2840 quae
551 2740 688 2840 Pyrgus
715 2740 895 2813 Stratonis
920 2741 1021 2839 prius
1048 2739 1261 2827 vocabatur,

203 2854 459 2946 descendisset,
477 2873 515 2931 et
531 2857 570 2928 in
588 2856 647 2930 die
662 2856 813 2930 solemni
832 2884 915 2930 cum
935 2859 973 2931 in
990 2855 1174 2933 bonorem
1191 2859 1261 2932 cas

203 2973 288 3046 saris
305 2972 504 3073 spectacula
518 2972 657 3045 civibus
671 2972 810 3062 ederet,
825 2973 996 3072 praeclara
1008 2989 1107 3048 veste
1123 3001 1169 3049 ex
1184 2997 1261 3049 aum

201 3105 423 3190 argentoque
439 3089 654 3164 mirabiliter
671 3106 838 3166 contexta
856 3091 1002 3165 indutus
1021 3091 1067 3164 ad
1089 3090 1261 3168 theatrum

201 3209 449 3306 processisset,
472 3235 513 3280 ac
533 3235 602 3308 pro
626 3208 802 3282 tribunali
825 3207 1059 3299 oonsedisset,
1080 3212 1189 3313 eique
1202 3234 1261 3311 po-

202 3325 308 3423 pulus
333 3327 564 3401 concionanti
581 3327 626 3399 de
648 3325 812 3422 sublimi,
831 3326 907 3416 dei,
932 3353 1007 3401 non
1026 3325 1190 3403 bominis
1206 3352 1261 3402 vo·

204 3470 281 3517 cem
317 3445 551 3536 acclamaret,
586 3446 707 3518 statim
742 3445 887 3546 angelus
919 3446 1066 3519 Domini
1097 3446 1261 3547 percussit

203 3584 305 3649 eum,
334 3587 376 3634 eo
399 3561 499 3661 quod
521 3561 674 3662 gloriam
697 3563 777 3635 Deo
799 3588 876 3635 non
895 3560 1052 3651 dederit,
1075 3579 1115 3638 et
1136 3579 1260 3638 scetem

203 3675 384 3749 vermibus
401 3692 484 3777 post
496 3680 657 3780 quinque
670 3680 744 3752 dies
758 3680 933 3781 expiravit
952 3682 968 3780 (
993 3680 1021 3780 )

237 4001 247 4065 (
256 4003 278 4069 ι)
297 4000 362 4054 Act.
375 4011 465 4072 apost.
481 4021 533 4069 uss,
547 4000 619 4059 3-12.
633 4006 701 4073 (44.)

237 4090 277 4158 (a)
296 4089 370 4145 Ibid.
394 4110 449 4158 ru,
479 4091 569 4148 15-23.
594 4095 630 4148 La
652 4105 727 4148 mort
749 4094 889 4150 d'lldrode
909 4096 1034 4169 Agrippa
1058 4096 1150 4153 arrivs
1172 4092 1257 4151 certul-

207 4191 317 4235 nement
329 4199 363 4235 cn
378 4184 425 4247 ll,
442 4201 494 4255 peu
507 4185 585 4256 apres
598 4183 623 4237 la
637 4182 790 4239 delivrance
803 4183 983 4240 miraculeuse
997 4183 1031 4239 dc
1044 4186 1118 4241 saint
1131 4185 1230 4241 Pierse.
