2894 4958
542 510 659 573 LIBER
679 510 890 572 SECUNDUS.
1193 515 1254 575 36³

184 632 268 722 but,
289 632 504 731 insolitaque
517 630 584 704 sibi
597 632 696 731 signa
714 630 869 705 videbat.
882 631 989 706 Tunc
1003 631 1146 707 Arnulfi
1159 632 1253 722 filia,

183 777 269 852 quae
281 777 301 824 a
314 749 497 823 demonio
511 747 674 849 quotidie
686 747 893 839 vexabatur,
911 746 1140 829 immundum
1154 751 1256 849 spiri·

185 882 266 942 tum
289 868 522 967 precipiente
546 865 702 938 Martiali
724 864 903 953 stomun,
929 880 965 940 et
987 864 1086 965 quasi
1111 883 1254 939 mortua

181 983 276 1059 sucta
296 999 361 1057 est.
377 981 445 1056 Sed
457 983 514 1053 vir
525 981 592 1055 Dei
606 1008 753 1055 manum
767 983 840 1080 ejus
859 996 984 1056 tenens
995 1007 1074 1054 eam
1086 983 1201 1057 erexit
1219 997 1257 1056 et

183 1101 405 1175 incolumem
422 1101 515 1199 patri
534 1098 701 1172 reddidit.
720 1099 896 1171 Sanctitas
919 1099 1017 1172 enim
1036 1114 1072 1171 et
1088 1097 1260 1200 benigni-

183 1231 238 1291 tas
251 1243 292 1289 sc
305 1216 458 1291 humana
472 1214 654 1289 humilitas
671 1230 747 1288 erat
761 1216 798 1288 in
815 1240 858 1288 eo
871 1230 908 1287 et
927 1214 1044 1291 oratio
1054 1214 1203 1288 assidua.

232 1334 404 1433 Princeps
415 1332 558 1432 praefati
573 1332 725 1421 castelli,
742 1334 891 1407 nomine
901 1333 1017 1408 Nerva
1025 1386 1036 1422 ,
1049 1334 1257 1434 consangui-

183 1476 273 1525 neus
296 1466 373 1525 erut
393 1450 548 1525 Neronis
570 1450 816 1550 imperatoris,
839 1451 939 1549 cuius
962 1451 1057 1524 filius
1074 1480 1095 1524 a
1111 1448 1259 1529 diabolo

183 1567 377 1643 suffocatus
388 1583 454 1641 est.
467 1569 572 1641 Pater
582 1583 702 1643 autem
715 1584 752 1642 et
764 1583 879 1642 mater
890 1567 1072 1657 defuncti,
1089 1583 1127 1642 et
1136 1572 1258 1647 omnis

183 1684 342 1785 populus
354 1685 416 1786 qui
430 1685 570 1776 aderat,
586 1701 669 1758 ante
686 1684 791 1783 pedes
808 1685 921 1757 sancti
935 1684 1108 1761 Martialis
1124 1710 1161 1758 se
1173 1710 1258 1785 pro-

183 1817 408 1891 straverunt,
428 1818 464 1877 et
476 1828 606 1903 corpus
619 1802 852 1877 adolescentis
865 1828 949 1875 cum
963 1829 1094 1902 magno
1107 1803 1256 1902 planctu

184 1933 222 1990 et
234 1918 369 2016 ejulatu
385 1920 550 1993 omnium
567 1933 651 1992 unte
671 1945 754 1993 eum
770 1922 1023 2017 projecerunt,
1045 1934 1153 2019 atque
1171 1946 1256 1994 cum

183 2035 354 2135 lacrymis
371 2035 564 2111 dixerunt:
584 2038 707 2111 Homo
723 2038 817 2128 Dei,
838 2038 979 2139 adjuva
993 2065 1075 2112 nos.
1095 2038 1258 2113 Sanctis-

183 2151 295 2225 simus
318 2152 438 2253 itaque
455 2151 621 2250 pontifex
641 2150 766 2252 populi
790 2150 935 2227 fletibus
951 2152 1152 2226 condoluit.
1178 2155 1259 2252 lpse

184 2267 294 2344 etism
311 2294 396 2341 cum
410 2267 592 2369 discipulis
608 2270 680 2343 suis
698 2269 817 2358 llevit,
841 2285 879 2344 et
901 2295 969 2368 pro
987 2271 1258 2345 resuscitatione

184 2384 348 2465 &functi
366 2389 654 2488 omnipotentem
671 2387 869 2463 Dominum
886 2414 969 2460 cum
989 2387 1063 2462 suis
1080 2390 1254 2463 exoravit.

185 2503 351 2604 Denique
368 2504 468 2578 linita
485 2506 668 2595 oratione,
695 2530 779 2578 cum
801 2523 944 2580 sauctus
966 2506 1099 2606 praesul
1122 2532 1259 2606 praeee-

184 2622 295 2723 pisset
312 2638 354 2695 ut
365 2637 531 2696 mortuus
545 2624 583 2697 in
601 2624 750 2698 nomine
765 2623 928 2698 crucifixi
946 2622 1139 2700 Salvatoris
1151 2650 1258 2699 sanus

184 2755 407 2840 resurgeret,
434 2740 494 2814 ille
517 2742 638 2814 statim
660 2741 877 2829 resurrexit,
903 2765 944 2812 ac
964 2738 1008 2812 ad
1030 2737 1137 2838 pedes
1162 2738 1257 2817 beati

184 2857 255 2931 viri
272 2883 310 2930 se
327 2858 479 2956 proJecit
497 2874 533 2932 et
553 2858 706 2933 clamare
725 2860 839 2956 coepit
860 2889 868 2929 ε
889 2859 1052 2958 Baptiza
1063 2844 1133 2946 me,
1150 2857 1257 2931 homo

185 2974 279 3062 Dei,
296 2992 331 3047 et
345 2977 525 3075 consigna
540 3003 597 3049 me
608 2979 715 3076 signo
719 2975 831 3073 fidei.
846 2974 986 3049 Deinde
999 2973 1128 3073 adjecit
1143 3005 1151 3047 :
1171 2975 1259 3048 Duo
1311 3048 1313 3050 ,

186 3091 315 3190 angeli
329 3092 383 3165 ad
399 3119 456 3165 me
471 3110 646 3167 venerunt
667 3120 749 3166 cum
769 3119 907 3192 niagno
924 3095 1078 3194 impetu,
1098 3092 1259 3167 dicentes

186 3207 468 3309 quodprecibus
484 3209 583 3284 beati
595 3210 782 3283 Martialis
797 3209 1032 3284 suscitandus
1050 3236 1176 3283 essem.
1192 3210 1261 3282 In«

173 3322 310 3424 fernus
328 3327 467 3400 nullam
486 3327 595 3401 habet
610 3356 833 3417 mensurnam
854 3328 907 3402 tbi
921 3329 1093 3426 estfletus
1109 3345 1143 3402 et
1157 3355 1259 3403 amu·

186 3442 308 3516 titudo
315 3476 334 3530 ;
353 3443 407 3515 ibi
419 3462 504 3519 sunt
519 3445 689 3535 tenebrae,
708 3447 868 3545 mugitus
890 3461 924 3516 et
934 3444 1111 3548 planctus
1131 3462 1164 3519 et
1181 3438 1260 3520 tris·

187 3559 270 3631 titre
287 3586 425 3660 magna
433 3595 450 3648 ;
453 3561 585 3662 frigus
597 3579 631 3635 et
642 3564 739 3662 ignis
756 3589 913 3662 magnus
925 3577 960 3634 et
973 3561 1175 3650 horribilis,
1191 3587 1263 3635 neo

187 3701 351 3774 unquam
366 3675 537 3778 deficiens
543 3712 560 3765 ;
578 3705 718 3753 morsus
736 3681 956 3778 serpentium
972 3694 1007 3750 et
1017 3679 1138 3776 fmtor
1158 3679 1257 3751 into-

186 3791 352 3869 lerabilis
360 3850 373 3883 ,
390 3794 546 3895 putredo
560 3812 593 3869 et
609 3799 776 3884 miseria,
799 3812 834 3868 et
851 3796 982 3871 vermis
996 3795 1062 3894 qui
1080 3821 1155 3871 non
1174 3820 1260 3867 mo-

186 3909 290 3983 ntur.
307 3909 371 3981 Ibi
380 3927 464 3984 suist
480 3915 680 3985 carcerarii
692 3908 908 4013 infernales,
926 3912 992 4011 qui
1005 3913 1151 3983 animas
1165 3936 1258 4009 quem

186 4024 338 4124 rapiunt
353 4024 503 4101 diuersis
508 4027 679 4127 flagellis
693 4031 871 4103 cruciant.
888 4027 1050 4127 Cumque
1063 4026 1141 4098 heec
1154 4043 1190 4100 ct
1203 4025 1259 4101 his.

187 4137 316 4217 similia
342 4137 496 4231 diceret,
520 4161 670 4216 cunctus
692 4144 846 4242 populus
870 4144 1068 4217 Dominum
1092 4143 1256 4217 confiteri

189 4257 327 4359 coepit,
359 4257 481 4360 ibique
512 4277 599 4335 tunc
626 4262 816 4337 bominum
843 4263 1031 4361 utriusque
1059 4288 1160 4335 sexus
1189 4261 1259 4348 tria
