2894 4958
198 425 257 486 4:14
470 426 655 486 HISTORIA
677 427 980 489 Eccttnltsttca

246 545 428 644 Eugenius
456 547 662 633 Romanus,
693 546 737 619 de
764 547 911 646 regione
942 549 1059 645 prima
1087 548 1266 624 Adventi-

196 666 318 750 nensi,
338 663 487 735 clericus
504 690 522 733 a
539 662 744 751 cunabulis,
760 691 803 736 ex
820 680 921 763 patre
939 663 1156 755 Rufiniano,
1176 669 1265 743 sedit

194 782 297 852 arinis
320 804 345 851 u·
363 779 546 852 mensibus
563 804 600 851 rx
615 778 739 852 diebus
759 807 859 853 xx1v.
881 782 948 852 Hic
965 782 1126 854 multum
1146 782 1263 858 bonus

192 899 283 986 fnit,
304 913 340 971 et
357 900 505 971 Petrum
516 899 953 997 constantinopolitanum
971 901 1182 999 episcopum
1195 928 1261 1001 pro
1280 886 1285 895 ¹

192 1012 316 1087 haeresi
336 1012 658 1086 anathematizavit.
679 1013 876 1113 Episcopus
896 1039 958 1086 xxi
980 1012 1176 1088 ordinavit.
1197 1017 1260 1091 Se-

189 1129 312 1228 pultus
335 1145 388 1203 est
411 1146 531 1202 autem
557 1145 606 1202 1v⁰
634 1155 747 1201 nonas
766 1129 848 1228 julii
873 1131 917 1202 ad
938 1129 1084 1204 beatum
1111 1135 1256 1206 Petrum

110 1248 112 1255 '
188 1247 416 1344 apostolum,
446 1261 482 1319 et
504 1248 651 1319 cessavit
679 1248 901 1347 episcopatus
924 1274 1047 1321 mense
1075 1275 1155 1323 nno
1183 1248 1259 1324 die-

191 1362 259 1436 bus
276 1367 369 1462 xin(
393 1365 420 1462 ).

238 1482 436 1555 Vitalianus
454 1482 635 1581 Signensis
650 1484 871 1583 Campanus,
886 1482 930 1556 de
944 1499 1046 1581 patre
1056 1482 1254 1576 Anastasio,

189 1600 278 1672 sedit
295 1599 398 1671 annis
415 1624 478 1673 xiv
495 1600 678 1673 mensibus
695 1627 746 1672 vr.
758 1601 836 1671 'Hic
858 1597 951 1672 bene
976 1600 1152 1701 regularis
1167 1602 1253 1691 suit,

188 1732 225 1791 et
253 1718 440 1817 episcopos
469 1743 567 1789 xcvu
600 1717 832 1789 consecravit.
865 1717 970 1788 Tunc
999 1717 1255 1791 Constantinus

187 1833 369 1934 Augustus
382 1834 622 1907 Romoaldum
638 1831 838 1906 Grimoaldi
854 1834 945 1932 regis
959 1832 1076 1905 filium
1092 1834 1132 1906 in
1150 1837 1255 1908 Bene·

186 1965 296 2022 vento
313 1949 473 2036 obsedit,
490 1948 549 2021 sed
563 1946 646 2021 iude
663 1950 778 2021 vietus
794 1948 954 2049 fugiens,
974 1951 1132 2022 Romam
1145 1953 1252 2024 venit.

186 2065 240 2138 lbi
258 2091 345 2139 vero
361 2092 481 2164 apapa
494 2089 576 2135 eum
588 2063 689 2138 clero
701 2065 901 2139 honorilice
919 2081 1105 2164 susceptus
1117 2092 1171 2139 xn
1184 2068 1255 2140 die·

185 2181 253 2254 bus
277 2182 532 2281 perseveravit,
560 2196 597 2253 et
619 2184 741 2254 omnia
763 2209 846 2282 quae
864 2183 900 2253 in
925 2209 996 2254 aere
1019 2183 1063 2253 ad
1087 2199 1255 2256 ornatum

187 2302 341 2373 civitatis
354 2316 475 2388 erant,
491 2299 669 2399 deposuit.
687 2299 783 2371 ltalis
800 2326 966 2401 quoque,
989 2317 1025 2373 et
1043 2300 1124 2373 aliis
1138 2304 1255 2400 genti-

186 2416 253 2487 bus
265 2415 333 2486 sibi
348 2415 499 2487 subditis
510 2416 622 2487 multa
637 2414 843 2504 malefecit,
860 2432 894 2489 et
907 2444 925 2487 a
940 2417 1011 2488 suis
1024 2417 1254 2515 postmodum

188 2534 226 2604 in
252 2533 393 2620 Sicilia,
417 2532 503 2604 dum
525 2531 767 2628 balnearetur,
792 2536 927 2606 occisus
949 2549 1015 2608 est.
1040 2535 1129 2608 Post
1152 2561 1254 2635 quem

187 2879 222 2914 en
232 2861 294 2930 juin
304 2857 371 2926 653,
386 2859 406 2912 il
416 2859 532 2914 n’arriva
544 2864 558 2913 1
571 2861 801 2934 Constantinople
814 2879 868 2934 qne
880 2861 906 2914 le
922 2878 951 2934 ¹7
965 2860 1125 2932 septembre
1142 2861 1177 2915 de
1191 2861 1252 2914 l’an-

187 2950 239 3000 nee
253 2947 392 3014 suivante,
407 2948 484 3000 etant
495 2951 567 3001 reste
585 2966 624 3001 nn
637 2965 672 3002 33
686 2950 843 3021 prisonnier
855 2948 923 3000 dans
937 2946 991 3000 l’lle
1003 2946 1039 3000 de
1053 2947 1079 3000 N
1081 2966 1155 3002 axos.
1170 2949 1253 3020 Api-‘es

188 3036 264 3092 mille
276 3049 405 3110 outrages
415 3049 443 3093 et
453 3040 573 3092 mauvais
583 3041 770 3105 traitements,
786 3040 805 3093 il
817 3039 860 3092 sut
872 3038 1018 3102 transfere,
1030 3037 1057 3091 le
1070 3058 1103 3093 10
1114 3056 1187 3093 mars
1196 3034 1251 3101 655,

188 3127 256 3182 dans
273 3128 298 3182 13
314 3129 502 3196 Chersonese,
521 3129 559 3182 oe
577 3127 597 3182 11
615 3140 728 3183 mourut
747 3133 763 3183 'a
781 3129 805 3182 13
825 3129 889 3182 date
905 3146 959 3202 que
976 3145 1048 3181 nons
1064 3148 1170 3184 venons
1187 3127 1252 3182 d’in·

188 3217 297 3291 diquer.

222 3310 261 3378 (t)
279 3309 288 3378 (
294 3306 310 3360 8
319 3306 412 3377 juillet
423 3304 530 3371 654-1‘*
539 3306 602 3377 juin
615 3304 691 3380 657.)
703 3307 742 3360 Ce
755 3324 824 3378 pape
842 3305 886 3359 fut
899 3308 1011 3359 nomme
1028 3324 1079 3377 par
1096 3306 1253 3378 l'empereur

186 3399 226 3453 du
239 3399 332 3451 vivant
344 3395 379 3450 de
396 3414 445 3451 son
463 3395 668 3469 predecesseur.
684 3397 720 3449 La
739 3396 836 3468 region
856 3395 992 3449 Aventine
1011 3396 1081 3449 etait
1101 3415 1137 3450 en
1155 3394 1251 3451 efferta

187 3490 326 3564 premiere
342 3486 391 3540 des
407 3499 468 3560 sept
480 3488 591 3561 regions
604 3487 822 3559 ecelesiastiques
835 3484 870 3539 de
883 3486 972 3541 Rome
991 3504 1027 3539 au
1041 3504 1144 3557 moyen
1156 3488 1217 3559 ege,
1230 3493 1252 3538 et

189 3577 334 3632 s'etentlait
347 3593 394 3630 sur
411 3576 436 3630 la
450 3578 508 3631 rive
525 3578 630 3651 ganche
644 3575 683 3630 dn
697 3575 797 3642 Tibre‚
810 3575 924 3648 jnsques
941 3586 970 3630 et
987 3595 1004 3646 y
1022 3577 1145 3649 compris
1159 3575 1251 3647 l’e'glist

188 3663 366 3730 saint-Paul,
382 3662 417 3717 de
427 3665 548 3718 muniere
560 3668 575 3718 1
587 3665 740 3719 renlermer
753 3663 779 3717 la
792 3664 933 3717 treizieme
943 3662 991 3716 des
1004 3664 1119 3736 regions
1128 3664 1163 3717 tle
1175 3662 1251 3717 13313-

188 3755 376 3826 conscription
389 3751 542 3824 d’Auguste
556 3754 761 3822 (Aventinus),
777 3762 806 3805 et
819 3751 959 3823 pent-etro
973 3748 998 3804 13
1018 3751 1166 3807 douzieme
1180 3751 1249 3821 (Pis-

189 3844 253 3896 cino
262 3843 390 3911 Publica)
403 3850 431 3895 et
443 3840 468 3893 13
478 3841 614 3912 premiere
625 3842 724 3912 (Porta
742 3841 875 3911 Capena).
887 3840 961 3896 C'est
972 3857 1007 3892 en
1021 3837 1076 3894 656
1088 3861 1144 3914 que
1156 3841 1248 3903 Pierre,

188 3933 344 4004 patriarche
361 3931 396 3985 de
417 3931 663 4003 Constantinople,
683 3940 765 4003 ayant
783 3933 886 4002 envoye
906 3946 934 3983 sa
956 3930 1114 3984 confession
1135 3929 1171 3984 de
1190 3930 1249 3984 1311

188 4021 295 4084 Rome,
311 4020 336 4073 le
348 4020 439 4092 clerge
454 4031 482 4074 et
495 4020 520 4076 le
533 4020 633 4093 peuple
649 4021 674 4074 la
692 4022 885 4092 repousserent
898 4037 961 4072 avec
974 4018 1170 4091 indignation,
1186 4032 1249 4075 etue

187 4108 342 4184 permirent
354 4126 388 4180 3¹¹
403 4126 472 4179 pape
486 4108 520 4164 de
532 4109 655 4165 celebrer
669 4108 694 4164 13
711 4126 799 4164 messe
817 4109 944 4182 qu‘apres
957 4108 1024 4182 qn'il
1042 4120 1093 4162 ent
1109 4106 1249 4181 prontisde

190 4218 225 4254 ne
239 4214 287 4272 pat
299 4195 324 4250 la
337 4197 467 4250 moevoir.
