2894 4958
544 424 662 485 LIBER
681 423 891 484 SECUNDUS.
1191 423 1251 484 293

183 547 290 648 pedes
304 547 454 647 apostoli
466 550 712 645 jactaverunt,
728 560 860 617 etcum
872 542 996 615 multis
1011 540 1155 615 {letibus
1167 567 1251 614 eum

184 679 403 764 rogaverunt
419 678 462 734 ut
476 663 513 734 in
527 661 676 737 nomine
692 660 756 733 Dei
770 660 824 731 sui
840 658 936 732 hunc
949 660 1139 756 juvenem,
1159 658 1251 730 sicut

184 781 419 873 Drusianam‚
443 779 626 870 suscitaret
636 805 646 864 3
666 792 890 877 matremque
907 775 1052 848 viduam
1068 790 1105 848 et
1120 779 1251 874 conju·
1271 783 1275 793 '

184 923 286 997 gem,
306 921 415 996 quam
435 919 552 992 nupm
568 892 737 980 duxerat,
758 893 819 991 pie
834 891 1019 966 relevaret.
1039 892 1144 962 Tunc
1161 916 1252 989 apo-

185 1012 300 1088 stolus
314 1027 535 1113 prostratus,
548 1010 638 1085 ileus
655 1010 852 1083 diutissime
869 1010 1004 1098 oravit,
1023 1025 1060 1081 et
1076 1026 1131 1082 ter
1148 1036 1252 1081 exur-

185 1155 275 1229 gens
300 1126 345 1201 ab
373 1128 537 1202 oratioue
564 1153 691 1200 manus
718 1153 797 1198 suas
825 1124 869 1197 ad
900 1125 1036 1198 coelum
1065 1124 1252 1224 expandit,

188 1248 405 1347 tacitamque
432 1270 576 1345 precem
604 1244 801 1317 diutissime
825 1242 933 1316 fudit.
961 1240 1098 1317 Deinde
1125 1268 1255 1342 corpus

188 1362 397 1437 insolutum
421 1361 511 1435 solvi
537 1362 728 1462 praecepit,
748 1365 990 1462 juvenemque
1010 1362 1162 1460 proprio
1183 1386 1256 1433 no-

189 1482 290 1554 mine
312 1479 453 1553 vocavit
460 1536 474 1570 ‚
493 1505 533 1551 ac
549 1494 591 1550 ut
608 1494 830 1579 resurgeret,
847 1503 1023 1579 verusque
1047 1479 1196 1551 nuntius
1213 1478 1258 1552 de

189 1597 265 1684 his,
286 1621 368 1695 quae
381 1593 582 1669 defunctus
605 1595 764 1684 viderat,
787 1595 906 1685 fieret,
927 1595 1129 1694 imperavit.
1151 1597 1257 1668 Tunc

188 1716 350 1788 Stacteus
365 1740 555 1814 exsurgens
574 1714 777 1814 apostolum
794 1714 979 1801 adoravit,
1005 1728 1041 1786 et
1065 1713 1258 1812 discipulos

189 1837 264 1932 ejus
289 1834 473 1933 increpare
490 1834 605 1932 coepit
623 1863 632 1904 ε
651 1833 836 1932 Angelos,
858 1831 1000 1932 inquit,
1016 1848 1154 1903 uestros
1176 1830 1260 1901 uidi

179 1952 336 2051 flentes,
354 1951 505 2048 angelos
524 1951 678 2024 Satanoe
701 1953 740 2022 in
760 1964 883 2023 vestra
905 1949 1104 2049 dejectione
1125 1963 1259 2047 gratu-

191 2070 322 2145 lantes.
349 2071 517 2168 Regnum
536 2095 679 2169 qaoque
694 2070 780 2168 jam
800 2067 885 2140 aidi
896 2082 1069 2165 paratum
1084 2064 1209 2152 uobis,
1228 2082 1262 2135 et

191 2213 239 2258 er
256 2183 532 2258 comeantibus
544 2184 697 2282 gemmis
709 2197 805 2256 aetas
820 2184 1013 2255 instructas
1021 2180 1156 2280 plenas
1166 2207 1262 2279 gau-

192 2303 287 2391 diis,
302 2302 420 2402 apalis
438 2318 472 2374 et
488 2301 643 2389 divitiis,
656 2303 738 2372 vita
745 2316 944 2402 perpetua,
959 2299 1095 2371 lumine
1105 2316 1257 2388 aeterno,

187 2417 325 2518 plenas
345 2414 645 2490 delectationibus
666 2441 759 2513 quas
781 2415 979 2500 amessiam
1001 2430 1036 2485 et
1056 2412 1141 2486 loca
1161 2430 1262 2486 tanc-

194 2535 341 2608 brarwn
352 2533 472 2626 vobis,
482 2531 718 2635 prohdolor!
732 2531 1081 2632 adqunistis,plena
1095 2530 1264 2604 draconi-

195 2650 262 2722 bus
279 2665 315 2721 at
329 2650 532 2748 angustiis,
552 2647 668 2748 plena
687 2645 922 2720 stridentibus
932 2645 1102 2744 flasnmis
1125 2662 1160 2717 et
1177 2672 1264 2719 cru-

196 2765 372 2855 rictibus,
393 2765 510 2866 plena
527 2763 722 2866 putoribus
749 2780 783 2835 et
806 2760 1006 2835 doloribus.
1034 2762 1121 2836 Haec
1146 2777 1183 2836 et
1209 2762 1264 2834 his

195 2878 325 2954 similia
341 2877 484 2953 dicente
499 2879 659 2966 Stacteo,
678 2876 868 2976 obstupuit
879 2876 1029 2976 populi,
1046 2877 1110 2976 qui
1124 2877 1260 2964 aderat,

197 2997 408 3072 multitudo.
661 3019 663 3025 ⁸

244 3113 388 3188 Atticus
410 3129 529 3188 autem
553 3129 589 3188 et
611 3115 815 3213 Eugenius,
840 3140 922 3186 cum
947 3114 1009 3189 illo
1026 3115 1089 3213 qui
1114 3116 1266 3188 resusci-

199 3247 294 3306 tatus
306 3230 425 3323 fuerat
434 3285 445 3320 ,
460 3247 544 3305 ante
556 3232 758 3330 apostolum
771 3231 942 3330 prostrati
958 3245 1062 3319 sunt,
1078 3232 1265 3331 ipsumque

199 3348 348 3448 pariter,
367 3361 409 3419 ut
424 3373 492 3446 pro
504 3348 554 3421 eis
567 3346 661 3446 apud
679 3346 878 3420 Dominum
895 3345 1151 3435 intercederet,
1165 3373 1267 3447 roga·

199 3476 345 3555 verunt.
369 3461 532 3562 Denique
546 3459 840 3561 supplicantibus
858 3461 928 3533 illis
945 3476 1087 3534 sanctus
1110 3462 1266 3536 ioannes

200 3579 299 3655 dedit
325 3580 363 3653 in
381 3581 560 3678 responsis
578 3597 620 3652 nt
640 3606 705 3680 per
727 3605 803 3653 xxx
824 3580 898 3653 dies
915 3583 991 3654 Deo
1011 3581 1265 3680 poenitentiam

203 3695 398 3782 offerrent,
417 3695 547 3795 inquo
560 3696 677 3794 spatio
690 3696 844 3769 maxime
856 3695 957 3768 hoca
972 3699 1047 3770 Deo
1064 3713 1267 3795 poscerent,

206 3828 511 3911 quatenusaureae
522 3813 633 3913 virgae
645 3812 689 3885 ad
701 3838 800 3885 suam
814 3828 980 3885 naturam
990 3813 1167 3903 redi-rent;
1184 3815 1271 3915 lapi·

207 3925 265 3999 des
279 3951 427 4026 quoque
440 3926 484 3999 ad
496 3927 558 4000 'vili
564 3942 692 4016 tatem,
709 3954 780 4028 qua
793 3929 867 4000 nati
882 3928 1041 4017 fuerant,
1058 3949 1268 4003 remearent.

208 4044 355 4120 Factum
377 4060 429 4119 est
450 4061 628 4120 autemut
649 4072 721 4120 xxx
744 4047 882 4121 dierum
897 4047 1074 4120 transiret
1092 4050 1267 4146 spatium,
