2916 4958
529 507 532 513 ,
551 450 668 515 LIBER
688 447 899 515 SECUNDUS.
1200 452 1262 519 335

193 572 365 662 adduxit,
381 588 449 647 eta
468 586 570 671 tergo
585 569 752 645 manibus
764 567 810 641 ab
823 570 902 668 ipso
911 565 1056 645 diabolo
1069 568 1257 673 colligatis,

192 704 344 790 paterna
357 714 441 763 eum
452 687 602 761 crimina
617 686 783 762 confiteri
796 685 985 785 compulit.
1000 686 1078 786 lpse
1090 711 1179 763 veto
1190 690 1261 767 ele·
1333 749 1334 753 ,

191 805 405 908 phantiosus
425 805 541 881 factus
557 805 596 878 in
617 830 654 879 se
674 803 833 904 gladium
852 803 1043 903 imponens
1065 805 1258 898 ooonhnit,

191 922 411 1022 propriaque
427 945 537 992 manu
550 918 736 1020 personato
748 915 935 992 stomacho
946 920 1155 1020 apostoliam
1166 948 1262 997 mor·

193 1041 240 1114 tis
255 1065 381 1139 poenas
394 1038 475 1115 luit.
491 1037 617 1112 Omnia
633 1050 754 1112 autem
769 1035 925 1135 populus
940 1036 1051 1111 morti
1069 1038 1144 1136 ejus
1156 1039 1262 1114 insul*

195 1157 285 1232 tavit
292 1208 304 1246 ,
322 1171 361 1232 et
372 1153 493 1231 Behor
509 1153 662 1229 fratrem
674 1152 884 1254 Ephigeniae
896 1151 942 1229 ab
956 1154 1122 1254 apostolo
1137 1155 1262 1257 bspti-
1334 1215 1338 1222 .

194 1270 631 1372 astom'comprehendit,
649 1269 789 1371 sibique
809 1297 930 1372 negem
950 1270 1168 1348 sublimavit.
1194 1277 1262 1349 Hic

194 1400 285 1467 xxv?-
297 1414 396 1463 anno
408 1389 523 1462 aetatis
535 1414 609 1462 suae
620 1413 773 1488 regnare
784 1389 917 1487 coepit,
931 1403 969 1463 et
980 1414 1045 1489 per
1058 1416 1173 1467 annos
1185 1416 1261 1466 exn

193 1506 376 1607 mgnavit,
394 1531 590 1606 pacemque
603 1504 843 1579 firmissimam
856 1531 942 1578 cum
950 1506 1123 1582 Romanis
1133 1521 1171 1582 et
1181 1511 1263 1584 Per·

193 1621 749 1722 sishabuit.0mnesAEthiopum
758 1622 956 1721 provinciae
964 1621 1264 1700 mtholiciseecle·

193 1742 256 1817 siis
276 1740 424 1841 aepletae
445 1755 552 1830 sunt,
570 1765 610 1812 ac
631 1737 675 1812 ad
697 1737 961 1813 confessionem
982 1737 1077 1813 beati
1099 1739 1262 1814 Matthaei

192 1857 348 1959 apostoli
370 1855 548 1932 mirabilia
566 1882 693 1957 magna
719 1855 826 1929 liunt.
852 1856 920 1929 Hic
933 1847 1080 1955 'primus
1096 1857 1263 1959 Evange-

194 1974 286 2048 lium
306 1973 455 2049 Domini
474 1974 588 2049 nostri
607 1974 691 2047 Jesn
711 1971 846 2046 Christi
866 1970 1012 2047 hebroeo
1029 1974 1172 2073 scripsit
1191 2000 1262 2049 ser·

194 2116 326 2179 mone,
345 2089 446 2190 quod
468 2105 631 2192 tempore
647 2088 803 2162 Zenonis
823 2087 1050 2187 imperatoris
1072 2089 1262 2165 inventum

195 2222 268 2297 est,
298 2208 377 2307 ipso
401 2209 581 2282 revelante
606 2207 679 2306 (s).
709 2207 823 2305 Hujus
846 2206 1022 2280 nimirum
1049 2208 1264 2283 memoriam

194 2340 316 2399 saneta
327 2340 443 2399 mater
455 2324 611 2398 Ecclesia
623 2335 676 2396 ιιι0
689 2322 761 2396 hal.
774 2321 935 2399 octobris
947 2323 1074 2399 festive
1084 2323 1262 2416 celebrat,

194 2440 300 2542 eique
316 2440 413 2515 vocis
429 2455 467 2513 et
484 2440 616 2513 mentis
632 2437 728 2512 dulci
747 2438 992 2516 modulamine
1007 2455 1128 2514 cantat
1143 2471 1152 2515 a
1169 2432 1175 2444 ’

247 2556 423 2630 Matthaee
437 2574 580 2647 sancte,
598 2557 681 2631 bino
693 2556 838 2657 pollens
855 2584 1019 2649 munere,
1039 2560 1178 2635 sedulis
1192 2560 1224 2634 J
1221 2586 1264 2633 e-

195 2699 277 2745 sum
289 2673 481 2775 interpella
493 2672 644 2746 vocibus
652 2729 665 2762 ,
680 2689 720 2745 ut
734 2699 800 2747 nos
814 2679 853 2746 in
864 2675 995 2747 mundi
1007 2675 1182 2771 gubernet
1196 2693 1266 2749 ιω»

196 2788 360 2879 bissibus,
379 2816 426 2862 ne
436 2807 522 2891 post
537 2808 691 2864 celemus
705 2789 846 2863 sorbeat
863 2792 1039 2864 interitus.

225 2955 230 2964 ·
247 2905 316 2978 xl.
329 2904 457 2979 Simon
467 2904 705 2993 Chananaeus,
718 2904 818 2979 idest
832 2905 996 2995 Zelotes,
1008 2905 1052 2980 ad
1064 2905 1264 2982 distinctio·

233 3223 273 3294 (ι)
291 3222 371 3280 cette
383 3221 501 3297 legende
513 3221 548 3276 de
562 3222 633 3277 saint
646 3221 771 3278 Mathien
780 3232 822 3277 est
834 3240 935 3278 encore
946 3225 1111 3297 empruntee
1122 3222 1179 3279 lort
1189 3243 1266 3280 exac-

198 3322 322 3380 tement,
333 3311 397 3367 saul
401 3311 535 3387 quelques
544 3311 791 3381 retranchements,
804 3330 840 3367 an
852 3312 917 3367 lanx
928 3311 1040 3368 Abdias.
1052 3309 1100 3368 On
1111 3313 1163 3367 sait
1175 3313 1199 3368 si
1211 3332 1266 3388 peu

199 3401 235 3458 ‹le
247 3402 333 3458 chose
343 3420 393 3457 sur
401 3401 427 3457 la
439 3404 482 3457 vie
490 3412 519 3458 et
530 3401 556 3457 la
568 3411 644 3457 mort
652 3401 688 3458 de
700 3412 744 3458 oet
755 3400 867 3476 spone,
880 3402 951 3477 qu¹il
964 3403 1035 3458 n’est
1043 3420 1091 3476 pas
1101 3403 1192 3459 meme
1204 3423 1266 3460 oer-

199 3494 258 3550 tain
271 3486 340 3568 qn’il
351 3493 391 3549 'ait
404 3491 554 3549 soullertle
571 3503 704 3567 martyre.
722 3494 779 3550 Son
792 3481 922 3569 Evangile
935 3513 951 3548 a
969 3496 1014 3550 ete'
1025 3513 1061 3550 cn
1074 3494 1139 3551 cffet
1149 3495 1220 3552 emit
1230 3514 1268 3553 en

200 3584 322 3652 hebeno,
333 3602 370 3639 ou
381 3583 472 3658 plutot
480 3602 515 3639 en
530 3583 785 3659 syro-chaldat'que,
798 3603 852 3658 peu
865 3583 900 3638 de
915 3594 1005 3658 temps
1017 3587 1096 3658 apres
1108 3585 1135 3640 la
1147 3597 1221 3642 mort
1231 3587 1267 3642 de

200 3673 404 3741 leons-Christ,
424 3682 453 3727 et
464 3671 572 3727 bienttt
588 3672 696 3727 tradnit
707 3689 743 3727 en
760 3691 834 3747 grec.
850 3672 926 3728 Nous
939 3691 1022 3729 avons
1033 3673 1096 3747 dejt
1112 3693 1148 3729 vu
1161 3676 1216 3732 cite
1227 3678 1267 3733 ci-

201 3761 296 3818 ‹lessus
309 3765 352 3837 (p.
371 3765 431 3837 129)
442 3763 467 3817 le
480 3763 530 3818 fait
538 3761 574 3817 de
582 3763 609 3818 la
621 3762 786 3820 deconmne
799 3762 866 3818 d’un
875 3767 1026 3820 manuscrit
1034 3764 1070 3821 de
1082 3777 1126 3822 cet
1138 3753 1268 3842 Evangile

201 3851 269 3908 dans
285 3851 312 3908 le
327 3852 458 3908 tombean
474 3851 511 3906 de
529 3853 602 3908 saint
614 3853 754 3921 hanalae,
768 3871 828 3909 vers
848 3852 955 3910 l’anne'e
972 3853 1033 3922 488.
1052 3855 1092 3911 Ge
1108 3874 1145 3912 na
1157 3858 1270 3931 ponsait

201 3959 250 4014 pas
262 3939 324 3996 etse
335 3940 361 3998 le
377 3951 450 3997 texte
461 3941 592 4015 original.
606 3960 714 3998 comme
724 3953 804 3999 notae
815 3943 948 4000 autenrle
962 3945 1096 4018 pimand,
1110 3947 1179 4005 mais
1188 3948 1269 4024 quel·

202 4032 384 4105 possession
405 4049 540 4105 giecque,
560 4032 832 4108 pmsquonylisait
852 4032 1268 4111 1‘svangitedu10urtsjeudi

204 4121 288 4188 saint,
302 4121 372 4177 dans
385 4121 410 4176 la
424 4120 547 4196 chapelle
559 4121 598 4176 du
615 4123 727 4198 pelais&
740 4122 984 4198 Constantinople,
998 4125 1077 4198 spata
1087 4143 1143 4200 qne
1155 4125 1269 4202 l‘smpe-

205 4230 269 4269 seur
282 4213 380 4268 Zenon
394 4211 430 4284 l’y
444 4222 493 4268 ent
504 4210 616 4286 depost.
