2894 4958
542 389 658 453 LIBER
678 388 889 454 SECUNDUS.
1100 413 1110 435 ⁴
1192 400 1252 466 415

186 510 501 590 communicabant
517 537 561 585 ex
585 512 718 585 invidia
741 528 812 584 tam
839 509 1051 587 mirabiliter
1075 525 1250 615 persecuti

185 649 290 721 sunt,
309 645 351 703 ut
362 636 467 704 etiam
484 628 772 704 sanctimoniales
788 628 831 702 de
845 631 1069 704 monasteriis
1081 633 1137 705 vel
1151 633 1252 711 habi-

187 748 312 821 taculis
334 746 405 818 suis
428 745 671 844 deponerent,
698 771 892 846 sexumque
914 744 1112 822 femineum
1134 749 1254 826 denu-

184 863 313 937 darent
335 876 372 935 et
398 860 555 935 caedibus
577 861 761 962 plagarum
787 862 980 963 affligentes
1003 864 1248 944 vulnerarent.

185 980 230 1051 Iu
245 977 360 1051 media
373 974 463 1050 urbe
480 992 604 1051 contra
623 978 815 1052 Ecclesiam
832 978 994 1078 quotidie
1009 981 1250 1082 pugnabatur,

184 1112 223 1170 et
238 1096 344 1168 multi
359 1095 557 1170 sacerdotes
575 1095 708 1194 aliique
722 1093 841 1168 fideles
859 1095 1135 1189 occidebantur;
1156 1101 1252 1176 inter

184 1238 277 1313 quos
289 1214 524 1313 Dignissimus
536 1226 573 1286 et
589 1213 793 1286 Gordianus
809 1211 1011 1314 presbyteri
1030 1218 1124 1316 capti
1143 1235 1228 1292 sunt
1238 1212 1250 1311 ,

185 1344 224 1403 ct
232 1329 595 1431 fustibusgladioque,
604 1329 736 1429 aliique
745 1328 1065 1438 pluresChristiani
1075 1339 1252 1437 perempti

185 1464 284 1520 sunt.
303 1445 430 1519 Nullus
450 1446 569 1546 itaque
582 1444 626 1517 de
643 1446 740 1518 clero
759 1443 817 1519 die
833 1446 889 1519 vel
905 1463 1013 1521 noete
1031 1449 1068 1522 in
1088 1449 1176 1525 urbe
1196 1479 1255 1527 se-

187 1587 295 1635 curus
311 1578 399 1635 erat.
412 1561 516 1634 Solus
528 1561 676 1632 Faustus
689 1561 859 1634 exconsul
872 1587 939 1661 pro
953 1563 1108 1636 Ecclesia
1123 1592 1254 1669 pugna·
1306 1615 1308 1619 >

186 1678 262 1751 bat.
279 1677 513 1780 Symmachus
527 1694 644 1751 tamen
658 1677 866 1778 perduravit
879 1707 896 1750 a
911 1681 1098 1755 consulatu
1112 1683 1252 1757 Paulini
1306 1703 1313 1717 ·

186 1820 301 1898 usque
317 1796 361 1869 ad
375 1796 602 1870 consulatum
619 1796 811 1869 Serratoris.
825 1797 892 1868 Hic
909 1797 1144 1888 Manichaeos,
1163 1826 1254 1902 quos

187 1914 228 1984 iu
256 1911 348 1986 urbe
377 1915 494 2016 Roma
521 1911 679 1999 invenit,
709 1910 816 1983 exilio
841 1911 1033 2012 relegavit,
1064 1930 1253 1988 eteorum

188 2028 373 2101 simulacra
401 2027 610 2127 codicesque
634 2040 717 2097 ante
739 2023 836 2099 sores
863 2023 1016 2099 basilicae
1043 2026 1254 2103 Constanti-

188 2145 307 2218 nianae
341 2144 548 2219 combussit.
585 2141 748 2214 Basilicas
782 2141 997 2216 Sanctorum
1029 2145 1254 2221 multimodis

188 2262 410 2335 ornamentis
439 2260 620 2334 decoravit
650 2272 687 2331 et
713 2257 897 2357 episcopos
926 2284 1025 2332 cxvrr
1057 2260 1250 2336 ordinavit.
1367 2274 1370 2279 ⁴

187 2380 386 2453 Constituit
407 2395 448 2452 ut
469 2378 571 2453 omni
592 2376 651 2449 die
670 2373 853 2450 dominico
870 2375 1027 2478 hymnus
1044 2381 1254 2479 angelorum

188 2512 390 2570 caneretur.
409 2496 517 2569 Omni
537 2519 635 2566 anuo
652 2518 716 2592 per
729 2492 890 2566 Africam
903 2509 939 2566 et
956 2489 1156 2569 Sardiniam
1175 2496 1256 2598 epi-

188 2613 306 2712 scopis
328 2613 390 2714 qui
416 2614 454 2684 in
480 2611 589 2684 exilio
609 2610 741 2684 retrusi
768 2626 872 2683 erant
891 2613 1059 2710 pecunias
1081 2629 1119 2686 et
1142 2629 1255 2688 vestes

187 2728 430 2802 ministrabat.
459 2726 627 2827 Captivos
658 2752 724 2826 per
755 2727 914 2827 Liguriae
942 2742 979 2801 et
1008 2753 1073 2826 per
1099 2727 1254 2803 diversas

188 2848 390 2947 provincias
403 2847 562 2948 pecuniis
574 2844 746 2935 redemit,
764 2860 801 2917 et
820 2846 940 2943 egenis
956 2845 1070 2919 multa
1084 2847 1179 2921 dona
1195 2845 1254 2921 de

188 2963 256 3037 dit.
276 2963 361 3037 Post
383 2962 496 3035 multa
514 2958 610 3036 bona
627 2985 736 3060 opera
757 2957 824 3032 sub
845 2957 903 3032 die
924 2971 1000 3031 111⁰
1020 2961 1151 3034 mensis
1171 2962 1252 3061 J'ulii

190 3078 350 3179 sepultus
366 3080 469 3152 estin
485 3076 627 3150 basilica
642 3075 762 3149 Sancti
781 3075 897 3160 Petri,
915 3091 952 3148 et
965 3076 1111 3149 cessavit
1123 3078 1254 3177 episco

189 3211 295 3297 patus
312 3194 437 3270 diebus
454 3220 506 3268 vrr
524 3197 540 3295 (
565 3195 596 3294 ).

227 3444 267 3514 (ι)
285 3443 329 3514 (aa
344 3441 491 3498 novembre
503 3441 605 3516 498-19
611 3440 705 3514 juillet
714 3439 791 3510 514.)
800 3438 989 3495 L'ordiuatiou
1000 3439 1036 3495 de
1048 3440 1216 3517 Symmaqne
1227 3454 1257 3500 et

191 3529 261 3602 celle
274 3529 310 3585 de
327 3548 377 3585 sou
389 3531 576 3604 competiteur
587 3530 723 3597 herent,
741 3528 790 3602 qui
802 3528 845 3582 lut
860 3527 958 3602 depuis
969 3528 1072 3603 eveque
1085 3528 1120 3584 de
1133 3529 1254 3600 Nocere,

191 3620 301 3675 avaient
314 3638 350 3674 eu
367 3618 424 3674 lieu
441 3618 467 3675 le
484 3619 574 3675 meme
587 3617 663 3690 jour.
681 3618 719 3672 Le
736 3614 837 3671 second
855 3616 972 3671 schisma
990 3616 1079 3689 parsit
1091 3619 1167 3673 avoir
1178 3635 1256 3673 com·

191 3711 291 3764 merce
303 3709 352 3764 des
363 3712 423 3784 499.
437 3710 473 3764 La
484 3709 611 3764 derniere
622 3711 719 3764 mance
731 3707 770 3761 du
782 3706 902 3776 concile,
913 3707 962 3781 qui
976 3707 1108 3763 confirma
1119 3707 1256 3765 l’electlou

191 3796 230 3853 de
238 3797 418 3873 Symmaque,
431 3798 520 3853 arrisu
531 3796 558 3853 le
569 3794 604 3854 23
617 3797 730 3854 octobre
741 3796 804 3864 501,
818 3806 847 3852 et
856 3810 905 3850 son
911 3795 1058 3871 jugement
1067 3796 1112 3852 lot
1123 3797 1255 3868 souscfit,

192 3906 252 3944 uon
265 3906 316 3963 par
331 3899 395 3944 cent
408 3889 523 3963 quinae,
543 3889 611 3943 mais
628 3904 680 3962 par
692 3886 898 3962 soixante-seiae
913 3885 1041 3960 eseques.
1055 3887 1106 3942 Les
1122 3888 1258 3946 violences

192 3986 224 4032 et
235 3976 277 4032 les
288 3977 427 4033 scaudales
439 3977 556 4052 sigusles
568 3994 618 4051 par
625 3987 707 4033 notre
723 3986 823 4032 auteur
834 3975 1045 4049 appartienuent
1057 3993 1110 4031 aux
1123 3977 1258 4048 premiere

193 4068 276 4140 joors
293 4067 329 4123 de
341 4067 496 4142 septembre
509 4068 666 4142 precedent.
683 4066 865 4124 L’iudicatiou
877 4066 926 4123 des
938 4065 1011 4122 deux
1025 4066 1161 4140 consolata
1178 4077 1258 4125 eume

194 4156 316 4230 lesquels
328 4156 373 4214 lut
385 4157 557 4215 reulermele
568 4158 712 4232 pontificat
719 4157 755 4214 de
765 4175 796 4212 ce
807 4174 878 4232 pape
893 4165 936 4213 est
948 4156 1006 4213 fort
1016 4155 1107 4228 jusu,
1120 4168 1150 4214 et
1159 4157 1186 4213 le
1197 4157 1259 4233 plu·
