2894 4958
555 399 671 463 LIBER
691 398 902 461 SECUNDUS.
1203 401 1264 463 303

193 551 268 626 que
281 525 366 598 lesu
381 521 515 596 Christi
532 521 593 595 tali
609 523 789 625 martyrio
808 536 862 596 est
881 533 1170 614 consummatus,
1189 521 1263 595 ibi-

193 666 268 742 que
279 665 395 740 prope
406 638 583 740 templum
598 636 670 712 lml.
686 639 771 712 maii
789 653 843 712 est
858 637 1030 737 sepultus.
1048 637 1132 712 Non
1144 637 1265 713 multo

194 773 297 857 post,
311 757 535 859 oppugnatio
546 772 736 832 consecuta
750 771 804 830 est
815 754 1041 855 Vespasiani,
1056 778 1165 857 quam
1177 780 1265 855 pru·

193 873 321 950 dentes
338 873 550 948 Judaeomm
570 870 801 948 erediderunt
819 872 1001 946 divinitus
1013 873 1180 946 accidisse
1194 898 1264 972 pro

193 991 354 1068 vindica
380 991 506 1066 neon
527 992 614 1091 justi
621 1018 633 1081 ;
660 1007 703 1065 ιιι
729 970 914 1066 evidenter
940 989 1074 1092 legitur
1097 991 1137 1064 in
1163 988 1266 1064 ntra

194 1107 360 1208 losephi,
372 1107 614 1185 Hebraeorum
626 1102 776 1209 insignis
785 1105 1078 1209 historiographi.
1092 1107 1266 1181 lnaredu-

194 1227 239 1301 lis
250 1252 320 1327 pro
330 1240 431 1301 oerto
441 1225 575 1300 Judaeis
583 1227 720 1327 duplici
730 1227 954 1303 contritione
962 1225 1264 1327 periclitantibus,

194 1342 354 1420 Ecclesia
362 1342 434 1417 nei
451 1342 608 1444 gaudens
627 1344 666 1417 in
687 1371 771 1419 vera
788 1342 859 1418 fide
877 1359 914 1419 et
934 1343 1101 1417 salvificis
1115 1343 1266 1416 virtuti·
1328 1368 1336 1380 ·

195 1460 284 1552 hus,
299 1461 433 1539 fortem
446 1461 660 1537 bellatorem
677 1463 716 1535 iu
732 1462 907 1536 auxilium
922 1461 1087 1535 diuturni
1101 1461 1268 1536 certami-

195 1581 254 1655 nis
266 1579 417 1656 advocat
426 1578 719 1681 pura'devotione
727 1633 739 1670 ,
755 1579 931 1680 clarisque
942 1578 1092 1654 vocibus
1104 1608 1114 1650 ε
1128 1577 1269 1653 Jacobs

191 1702 308 1799 juste,
324 1697 546 1797 Jesufiuler
557 1696 730 1789 Domini,
744 1700 793 1772 sit
809 1696 876 1770 tibi
887 1697 959 1798 pia
972 1721 1085 1798 super
1093 1723 1161 1770 nos
1172 1722 1270 1770 com-

190 1818 344 1917 passio,
363 1842 453 1916 quos
464 1817 655 1914 reosfacit
669 1816 828 1917 superba
839 1817 1031 1917 jactantia
1038 1870 1052 1905 ,
1072 1813 1270 1916 atquefoe-

196 1933 300 2008 davit
328 1933 461 2006 mundi
479 1935 704 2036 petulantia.
737 1933 877 2007 Nostra
909 1934 1102 2037 clementer
1128 1930 1273 2008 eraudi

191 2050 413 2150 precamina
417 2107 431 2140 ,
451 2051 650 2152 impetrans
667 2050 773 2122 nobis
794 2076 891 2124 uerae
908 2049 1000 2124 lucis
1015 2051 1177 2151 gartdr'o.
1195 2051 1272 2123 Pro

199 2166 359 2240 inimicis
380 2169 448 2266 qui
467 2169 586 2241 omiti
608 2168 828 2258 Dominum,
853 2166 922 2247 tibi
944 2165 1082 2242 devotis
1103 2167 1272 2270 impende

198 2282 438 2383 suffragium,
459 2299 498 2355 ut
512 2285 769 2384 sempiternum
786 2284 1049 2357 narwiseumur
1058 2286 1270 2386 prumiam.
1349 2374 1352 2379 ἱ

199 2398 333 2470 Amen.

246 2514 333 2588 Vll.
350 2514 537 2617 Philippus
549 2543 592 2591 os
606 2516 795 2620 lampadis
812 2517 1091 2617 interpretatur,
1110 2542 1188 2620 quo
1202 2543 1273 2592 no-

200 2631 299 2705 mine
315 2631 587 2708 demonstratur
601 2635 702 2738 quod
724 2636 799 2735 ipse
820 2649 918 2710 totus
933 2651 1060 2735 patens
1078 2651 1155 2710 erat
1172 2630 1272 2710 inlu-

198 2749 293 2826 sioni
305 2751 461 2850 geminae
471 2751 675 2841 eharitatis,
689 2767 726 2827 et
740 2751 873 2826 divinis
886 2751 1119 2855 obsequendo
1131 2753 1274 2827 manda·

183 2867 242 2943 nis
251 2919 265 2955 ,
285 2863 446 2940 imbutus
462 2885 501 2942 et
518 2870 718 2942 instructus
729 2867 1006 2942 charismatibus
1017 2870 1145 2958 sacris,
1160 2871 1274 2944 instar

192 2979 331 3057 lucidae
341 2981 513 3084 lampadis
521 2984 691 3059 barbaras
699 3003 825 3087 gentes
834 2985 1028 3059 illustravit
1039 2987 1275 3061 rutilantibus

190 3096 375 3198 exemplis
390 3114 428 3172 et
440 3099 604 3175 doctrina
620 3103 795 3175 veritatis.
813 3100 881 3174 llic
896 3129 916 3174 a
933 3100 1117 3176 Bethsaida
1131 3105 1277 3178 civitate

187 3213 363 3289 Galiloeae
379 3231 482 3289 ortus
497 3233 567 3307 est,
588 3234 626 3292 et
641 3218 737 3291 inter
749 3219 889 3319 primos
900 3220 1045 3320 vestigia
1065 3219 1199 3294 Christi
1218 3247 1276 3296 se-

186 3347 391 3407 natusest.
410 3333 496 3408 Post
512 3336 757 3410 ascensionem
774 3335 922 3410 Domini
940 3334 1075 3427 Gallis,
1094 3338 1150 3412 rel
1168 3337 1277 3411 Gala-

185 3450 270 3537 tis,
291 3462 401 3547 atque
422 3446 566 3550 Scythis
587 3477 654 3551 per
675 3476 726 3524 xx
749 3477 865 3525 annos
883 3451 1121 3552 Evangelium
1141 3452 1278 3553 prandi-

185 3563 321 3651 envit,
340 3578 377 3636 et
397 3563 551 3638 diversas
572 3581 696 3668 gentes
722 3567 767 3639 ad
790 3568 1013 3668 agnitionem
1035 3569 1110 3642 reri
1127 3569 1277 3642 luminis

186 3681 393 3780 pertraxit.
426 3681 619 3776 Quondam
650 3686 687 3759 in
719 3684 891 3788 Scythia,
920 3685 1008 3759 dum
1035 3713 1054 3758 a
1080 3687 1277 3787 gentilibus

189 3809 404 3890 moeretur,
423 3825 465 3872 au
486 3799 529 3873 ad
550 3815 705 3874 statuam
723 3802 849 3875 Martis
864 3802 994 3876 ductus
1012 3802 1057 3875 ad
1072 3803 1279 3878 sacrifican-

197 4070 408 4220 iour·ffiune
426 4088 511 4162 eglise
524 4091 599 4147 ustie
616 4110 651 4147 en
664 4111 713 4148 son
732 4093 861 4149 honneur
878 4096 894 4148 t
910 4091 1000 4149 Rome
1015 4112 1076 4150 vers
1089 4093 1114 4150 le
1128 4095 1224 4152 millen
1238 4095 1276 4150 du
1334 4143 1336 4147 ,

202 4183 245 4220 vr·
259 4174 283 4220 ι’
