2894 4958
191 395 253 455 Μ
467 395 649 457 HISTORIA
671 396 975 463 semiesum.

194 526 304 602 sunt,
325 528 363 585 et
386 529 518 613 quanta
543 516 637 589 Deus
661 515 801 592 fecisset
819 545 902 593 cum
926 522 997 595 illia
1018 527 1254 605 annuntiave-

194 642 297 702 runt.
321 629 437 703 Porm
458 629 613 731 illisqui
634 631 678 705 dc
701 630 882 733 pharisaeis
904 639 1133 716 crediderant
1156 667 1256 718 sum-

193 747 892 847 moperevolentibuajndaime,Simon
904 756 1030 832 Petrus
1040 775 1079 832 et
1087 758 1254 852 Iacobus,

192 865 325 966 aliique
344 865 502 939 seniores
525 863 717 966 diligenter
736 882 982 947 tractaverunt
1002 873 1048 949 de
1071 877 1256 977 proposita

193 983 414 1084 quaestione,
432 981 533 1054 acad
555 997 779 1081 postremum
803 984 1039 1062 demmmnnt
1063 988 1200 1068 electos
1222 1008 1257 1069 et

192 1097 365 1198 probatos
374 1095 503 1170 fratres
515 1095 559 1169 ad
570 1112 693 1198 gentes
701 1098 866 1191 mittere,
883 1117 921 1175 et
931 1127 1068 1203 percos
1081 1106 1256 1182 instinctu

193 1215 348 1315 Spiritus
361 1214 482 1287 Sancti
495 1213 671 1313 scriptum
682 1213 858 1316 dirigam
869 1234 912 1292 ut
921 1223 1073 1298 remotis
1083 1223 1256 1323 aliisone·

192 1329 295 1404 ribus
317 1327 539 1403 abstinerent
561 1354 600 1403 se
620 1327 667 1402 ab
686 1333 880 1408 immolatis
894 1335 1198 1430 simulacrorum,
1221 1354 1255 1415 et

192 1447 385 1548 sanguine,
400 1461 438 1520 et
452 1445 643 1537 suffocato,
659 1462 696 1520 et
712 1447 988 1553 fornicatione(
1012 1456 1041 1552 ).

239 1563 369 1638 Paulus
392 1564 504 1664 igitur
527 1580 563 1637 et
586 1562 786 1655 Barnabas,
806 1567 914 1641 ludas
933 1569 996 1669 qui
1018 1575 1254 1673 cognomina-

191 1680 300 1754 batur
323 1678 492 1753 barsabas
512 1693 550 1752 et
574 1679 685 1769 Silas,
713 1680 944 1757 Antiochiam
968 1687 1067 1760 missi
1094 1704 1205 1784 sunt,
1221 1705 1254 1765 et

192 1798 380 1900 epistolam
407 1796 656 1898 apostolorum
680 1813 789 1898 atque
814 1800 999 1875 seniorum
1027 1804 1252 1881 multitudini

191 1915 416 1991 credentium
432 1939 475 1987 ex
490 1909 657 2014 gentibus
673 1913 891 1989 retulerunt.
910 1915 1026 2010 Quam
1045 1942 1133 1992 cum
1150 1920 1253 2023 legis·

189 2046 293 2125 scut,
309 2056 417 2131 super
432 2028 680 2104 consolatione
702 2029 811 2130 gavisi
835 2046 934 2105 sunt.
953 2031 1061 2106 Judas
1083 2051 1121 2109 et
1145 2036 1250 2127 Silas,

190 2175 276 2224 cum
291 2163 407 2223 essem
428 2144 635 2246 prophetae,
656 2143 771 2220 verbo
790 2147 952 2246 plurimo
972 2151 1150 2244 consolati
1173 2167 1252 2255 sunt

188 2267 319 2341 fratres
340 2280 378 2340 et
396 2261 704 2338 confirmaverunt
715 2316 728 2352 ,
747 2289 789 2336 ac
810 2265 1042 2364 postmodum
1063 2294 1151 2343 cum
1172 2292 1252 2370 pace

190 2386 230 2457 in
250 2382 446 2457 Jerusalem
461 2379 592 2454 reversi
618 2395 716 2452 sunt.
735 2379 864 2454 Paulus
884 2394 1004 2456 autem
1023 2398 1060 2456 et
1074 2384 1266 2461 &mate

189 2494 395 2573 Antiochiae
417 2494 734 2603 verbumillomini
760 2495 971 2596 aliquandiu
992 2499 1252 2600 evangelizave-

189 2629 299 2705 runt,
323 2629 360 2688 et
383 2612 467 2689 inde
487 2609 746 2712 digredientes,
773 2609 819 2683 ah
846 2613 999 2687 invicem
1024 2613 1129 2688 divisi
1155 2631 1251 2691 sunt.

188 2732 366 2809 Barnabas
382 2758 468 2806 cum
481 2732 606 2804 Marco
622 2729 761 2802 Joanne
777 2729 941 2831 Cyprum
955 2731 1152 2834 navigavit.
1171 2740 1252 2807 Pau-

190 2853 246 2926 lus
257 2876 358 2940 vero,
373 2849 489 2925 electo
500 2848 586 2935 Sila,
599 2845 741 2946 Syriam
754 2860 790 2918 et
802 2846 963 2918 Ciliciam
974 2845 1250 2948 perambulavit,

142 3010 146 3017 ·
188 2970 349 3046 ecclesias
379 2965 630 3052 confinnavit,
660 2977 697 3036 et
723 2962 971 3061 apostolorum
998 2989 1040 3036 ac
1068 2964 1252 3040 seniorum

188 3100 367 3187 praecepta
384 3080 563 3156 custodire
579 3078 764 3179 praecepit.
785 3078 875 3152 lnde
889 3079 928 3151 in
947 3078 1092 3154 Derhen
1110 3097 1152 3154 et
1167 3084 1254 3184 Lyt-

189 3220 282 3277 tram
300 3202 465 3303 pervenit
473 3252 484 3289 ,
506 3195 629 3298 ibique
645 3195 901 3286 Timotheum,
919 3197 982 3297 qui
995 3221 1040 3270 ex
1052 3211 1159 3296 patre
1172 3222 1254 3300 gen·

189 3322 244 3395 tili
256 3334 346 3409 erat,
360 3329 512 3419 propter
520 3313 877 3389 insidiantesludaeos
887 3314 1127 3389 circumcidit.
1140 3315 1254 3418 Phry·

187 3439 300 3538 giam,
323 3435 498 3509 Galatiam
519 3446 557 3504 et
571 3428 725 3531 Mysiam
745 3430 997 3529 pertransivit,
1015 3445 1052 3503 et
1073 3432 1254 3507 Troadem

187 3554 392 3641 descendit,
410 3567 448 3626 et
463 3550 600 3623 visione
616 3573 683 3649 per
697 3563 843 3620 noctem
856 3548 1061 3621 admonitus
1074 3548 1112 3621 in
1130 3552 1253 3625 Mace·

185 3671 334 3747 doniam
351 3668 530 3743 transivit.
545 3665 739 3766 Philippis,
754 3684 835 3765 quae
849 3665 964 3764 prima
977 3690 1060 3765 pars
1072 3679 1128 3740 est
1138 3669 1254 3740 Mace·

185 3789 328 3877 donioe,
346 3783 572 3887 praedicarim
587 3808 741 3882 eumque
753 3780 864 3882 Lydia
880 3781 1094 3881 purpuraria
1108 3783 1248 3873 colens,

217 4177 229 4246 (
235 4179 259 4246 ι)
278 4175 343 4229 Act.
357 4181 448 4243 apost.
462 4188 516 4239 xiv,
531 4167 624 4236 afi-xv,
641 4185 685 4240 29.
698 4165 766 4237 (50.)
