2894 4958
439 401 557 465 LIBER
575 402 784 465 SECUNDUS.
1083 407 1139 465 201

102 528 132 600 lt
146 525 201 598 illi
217 525 362 626 quidem
385 521 487 596 ibant
509 522 699 623 gaudentes
719 549 737 594 a
764 539 957 622 conspectu
974 522 1140 610 concilii,

102 642 259 745 [uoniam
273 639 371 741 digni
388 637 499 712 hahiti
517 657 601 714 sunt
618 666 686 740 pro
699 627 848 713 nomine
864 637 996 711 Christi
1015 654 1144 713 contu·

102 757 228 831 aeliam
243 757 332 854 pati.
353 754 462 830 Omni
480 773 599 830 autem
615 754 672 829 die
689 757 725 829 in
746 755 882 854 templo
906 769 943 828 et
965 755 1058 828 circa
1077 754 1145 830 do·

102 899 164 948 uos
183 899 259 948 non
277 870 476 959 cessabant,
491 871 659 946 docentes
676 888 713 946 et
728 872 1005 973 evangelizantes
1022 871 1147 943 Chris-

102 1015 166 1061 um
181 987 328 1086 lesum(
355 988 386 1085 )

133 1108 177 1179 ln
207 1101 332 1178 diebus
356 1105 444 1191 illis,
475 1120 656 1180 crescente
682 1129 835 1187 numero
860 1102 1144 1202 discipulorum,

102 1225 222 1296 lactum
235 1238 288 1296 est
301 1237 428 1296 contra
440 1220 612 1296 Hebraeos
622 1247 787 1294 murmur
798 1220 1032 1308 Graecorum,
1047 1221 1148 1320 quod

102 1339 354 1439 lespicerentur
372 1339 408 1410 in
427 1339 628 1413 ministerio
645 1338 858 1439 quotidiano
873 1337 991 1409 viduae
1005 1362 1145 1409 eorum.

102 1453 193 1528 Jndc
220 1471 458 1527 convocantes
487 1478 540 1527 xn
570 1452 841 1528 multitudinem
866 1453 1146 1551 discipulorum,

102 1569 258 1643 lixerunt
279 1597 288 1638 ε
309 1570 396 1643 Non
412 1586 465 1643 est
481 1595 625 1670 oequum
649 1596 715 1643 nos
739 1571 985 1667 derelinquere
1000 1566 1149 1661 uerbum

102 1683 177 1773 eet,
198 1702 233 1755 et
248 1687 451 1758 rm'nistrare
463 1688 606 1759 mensis.
627 1686 865 1758 Considerate
877 1710 976 1782 ergo,
986 1680 1147 1779 fratres,

102 1800 188 1873 ttius
203 1826 251 1871 er
266 1800 368 1872 uobis
387 1799 474 1872 boni
489 1803 684 1872 testimonii
698 1817 850 1900 septem,
861 1798 991 1900 plenos
1012 1797 1151 1897 Spiritu

102 1915 230 1989 lancto
250 1932 285 1987 et
312 1919 519 2019 sapientia,
550 1945 639 2016 quos
666 1921 927 1992 constituamus
950 1943 1060 2020 super
1083 1914 1152 1986 hoc

102 2056 183 2131 rpus
192 2064 210 2118 ;
231 2057 297 2104 nos
315 2048 436 2104 autem
458 2036 616 2105 orationi
634 2052 667 2106 et
680 2035 877 2107 ministerio
892 2031 996 2107 verbi
1011 2038 1154 2103 instan-

103 2170 144 2217 ιε
162 2147 308 2217 erimus.
329 2145 476 2218 Cunctis
495 2145 563 2220 hoc
579 2146 841 2237 annuentibus,
861 2147 1046 2247 elegerunt
1068 2144 1151 2219 Ste-

102 2261 270 2361 thanum,
291 2264 410 2335 virum
425 2263 494 2337 fide
513 2279 549 2337 et
571 2267 710 2364 Spiritu
727 2267 858 2338 Sancto
875 2266 1045 2363 plenum,
1064 2263 1151 2335 Phi-

102 2377 231 2476 ippum
261 2393 296 2449 et
326 2379 549 2467 Procorum,
581 2380 798 2454 Nicanorem
828 2394 865 2453 et
894 2377 1152 2466 Timotheum,

102 2493 302 2566 lat-menam
327 2510 363 2567 et
380 2495 568 2568 Nicolaum
588 2496 759 2570 advenam
779 2494 1060 2569 Antiochenum.
1081 2496 1155 2567 llos

102 2623 176 2681 mtc
193 2608 425 2706 conspectum
442 2611 689 2709 apostolorum
712 2625 935 2698 statuerunt,
956 2625 994 2682 et
1012 2624 1155 2682 orantes

102 2723 144 2797 tis
172 2749 300 2796 manus
326 2727 589 2824 imposuerunt.
610 2730 651 2800 ln
675 2729 868 2802 Jerusalem
896 2727 1156 2826 discipulorum

102 2864 266 2913 numerus
293 2841 393 2915 valde
421 2843 752 2942 multiplicabatur,
776 2844 889 2916 multa
918 2845 1025 2917 etiam
1049 2843 1155 2916 turba

102 2955 317 3030 sacerdotum
337 2958 420 3033 fidei
437 2959 731 3062 obsequebatur(
758 2964 784 3061 ).

140 3074 362 3175 Stephanus,
394 3079 520 3176 plcnus
543 3080 656 3178 gratia
678 3095 715 3152 et
738 3078 973 3166 fortitudine,
1004 3076 1158 3149 faciebat

102 3190 258 3289 prodigia
281 3206 318 3263 et
337 3192 435 3292 signa
454 3219 578 3291 magna
604 3197 641 3266 in
668 3194 817 3294 populo.
846 3194 1050 3266 Invidentes
1072 3217 1158 3290 ergo

102 3304 208 3379 tudaei
226 3307 264 3379 in
286 3308 388 3380 illum
405 3327 655 3399 surrexerunt,
684 3327 720 3383 et
746 3311 966 3410 disputantes
988 3334 1071 3380 cum
1093 3331 1154 3395 co,

102 3422 278 3520 sapientiae
295 3439 332 3494 et
349 3425 520 3523 Spiritui,
549 3453 623 3526 quo
650 3426 879 3526 loquebatur,
899 3426 1065 3498 resistere
1083 3446 1158 3495 non

102 3552 307 3636 potuerunt.
327 3541 432 3614 Tunc
447 3541 553 3616 falsos
569 3559 691 3631 testes,
710 3544 774 3643 qui
790 3541 952 3616 dicerent
968 3566 1004 3612 se
1019 3538 1157 3612 audisse

102 3679 178 3727 cum
193 3656 373 3731 dicentem
387 3658 495 3732 verba
507 3659 735 3760 blasphemiae
753 3662 791 3731 in
808 3661 958 3759 Moysen
972 3672 1008 3729 et
1021 3657 1156 3744 Deum,

128 3971 141 4039 l
144 3973 169 4042 ¹)
186 3972 253 4027 Act·
266 3985 357 4046 apost.
370 3995 396 4044 v,
412 3976 505 4044 3442.
519 3981 626 4048 (Annee
639 3977 673 4034 33
685 3977 720 4032 de
732 3976 798 4032 l'hre
811 3977 995 4047 cbrdtienue.)

131 4058 169 4128 (2)
187 4059 262 4115 Itid.
276 4080 321 4131 vs,
340 4083 394 4139 ¹·7·
410 4065 497 4121 Notre
510 4077 617 4133 auteur,
631 4067 699 4122 dans
711 4065 736 4122 la
747 4064 809 4121 litte
823 4065 872 4120 des
886 4075 946 4138 sept
960 4063 1080 4130 diacrcs,
1094 4061 1161 4116 sub-

102 4143 181 4201 ttitue
194 4147 343 4206 Timothee
356 4155 372 4207 'a
384 4154 495 4209 Timon.
