2894 4958
187 393 247 454 tto
460 393 644 455 HISTORIA
665 394 973 457 tectusltsrtct.

235 513 422 592 Hormisda
449 516 666 615 Campanus,
696 544 739 591 ex
764 531 866 616 patre
888 519 1012 607 Justo,
1039 517 1249 594 decivitate

186 631 368 720 Frisione,
395 631 488 706 sedit
513 634 617 707 annis
645 657 709 706 viu
735 632 860 708 diebus
884 659 979 707 xvu.
1004 633 1074 707 Hic
1100 637 1249 710 oonsilio

189 748 399 825 Theoderici
422 751 476 849 (1)
493 750 593 851 ‚regis
614 751 825 827 Ennodium
849 753 1080 829 Ticinensem
1102 771 1142 829 et
1159 756 1249 828 For·

188 883 356 941 tunatum
394 869 620 944 Catinensem
652 872 860 971 episcopum
895 869 1250 971 Constantinopolim

187 986 284 1058 misit
309 1000 347 1057 et
371 982 517 1058 Graecos
543 984 719 1076 absolvit,
750 989 813 1087 qui
843 1013 912 1087 pro
941 987 1123 1063 haeretieis
1148 989 1250 1061 Petro

186 1099 430 1176 Alexandrino
450 1116 486 1176 et
509 1099 660 1176 Acbatio
678 1102 1083 1202 Constantinopolitano
1105 1101 1250 1176 anathe-

186 1219 342 1292 matizati
359 1233 474 1290 erant.
494 1217 563 1293 Sed
584 1217 788 1293 Anastasius
802 1219 1000 1320 Augustus,
1019 1219 1106 1320 quia
1129 1216 1249 1291 haeresi

186 1335 398 1437 Eutycianae
413 1333 576 1423 favebat,
598 1351 731 1410 temere
752 1361 812 1410 eos
837 1337 964 1435 ejecit,
983 1352 1021 1410 et
1038 1362 1143 1436 papae
1162 1336 1250 1410 inter

187 1469 315 1525 caetera
327 1450 526 1526 rescribens
540 1451 692 1552 superbe
704 1453 795 1527 dixit
810 1483 819 1524 ε
834 1453 915 1528 Nos
922 1453 1052 1555 jubere
1063 1453 1247 1544 volonum,

187 1597 262 1644 non
272 1568 410 1670 juberi.
430 1570 514 1645 Non
526 1570 643 1647 multo
660 1586 743 1669 post
758 1585 853 1645 nutu
865 1570 930 1644 Dei
946 1570 1104 1643 fulmine
1115 1574 1252 1668 percus·

118 1723 123 1734 ·
186 1714 245 1761 sus
262 1687 413 1761 interiit.
432 1688 593 1761 lustinus
609 1713 696 1761 veto
713 1685 908 1761 catholicus
927 1702 1009 1787 post
1022 1713 1109 1760 eum
1127 1713 1251 1787 regna-

187 1806 258 1894 vit,
286 1819 324 1877 et
348 1831 449 1905 papae
469 1805 575 1902 jussis
602 1803 758 1879 libenter
784 1806 821 1877 in
850 1803 1020 1879 omnibus
1046 1806 1189 1905 paruit,
1218 1818 1251 1878 et

186 1919 408 1994 Germanum
436 1919 644 2018 Capuanum
671 1920 905 2020 episcopum,
933 1918 1097 2019 aliosque
1127 1946 1148 1992 a
1176 1919 1250 1992 sede

186 2038 379 2140 apostolica
401 2037 527 2109 missos
547 2034 746 2110 honorifice
765 2011 950 2134 suscepitf
962 2050 1071 2135 atque
1093 2061 1178 2107 cum
1194 2036 1249 2111 vi-

188 2157 322 2232 taliano
349 2155 496 2231 consule
517 2168 555 2228 et
574 2153 806 2228 multitudine
824 2152 1091 2228 monachorum
1113 2168 1151 2227 et
1172 2152 1250 2224 illu-

60 2292 64 2299 '
187 2276 315 2348 atrium
336 2274 518 2360 virorum,
539 2299 560 2343 a
579 2271 731 2346 Castello
755 2269 927 2346 Rotundo
945 2297 1061 2372 usque
1077 2273 1249 2345 Constan-

186 2389 391 2487 tinopolim·
407 2387 524 2460 duxit.
555 2388 660 2460 Tunc
688 2385 836 2487 quidam
863 2386 908 2460 de
936 2386 1034 2460 clero
1063 2386 1249 2486 oomplioes

186 2503 328 2577 Achatii
351 2504 414 2578 tali
437 2503 562 2605 gloriae
578 2505 746 2605 nequiter
765 2504 991 2593 inviderunt,
1011 2518 1048 2577 et
1070 2503 1112 2576 in
1130 2503 1248 2603 majori

188 2623 332 2695 ecclesia
350 2623 491 2694 Sanctae
510 2621 655 2720 Sophiae
673 2647 709 2695 sc
733 2620 1010 2709 concluserunt,
1031 2619 1249 2720 consilioque

186 2737 285 2813 facto
319 2739 528 2839 imperatori
556 2737 817 2812 mandaverunt
847 2738 946 2839 quod
979 2737 1066 2810 nisi:
1086 2736 1248 2811 Achatius

187 2881 315 2931 eorum
329 2856 515 2955 episcopus
532 2856 581 2930 eis
597 2852 783 2928 absolutus
805 2854 1027 2944 redderetur,
1047 2854 1246 2954 apostolica

187 2974 259 3049 sodi
282 2998 358 3047 non
380 2970 677 3072 obsequerentur.
698 2974 804 3046 Tunc
826 2972 1026 3048 Clodoveus
1050 2999 1116 3046 rex
1140 2973 1248 3044 Fran·

187 3117 314 3166 corum
332 3089 545 3163 christianus
568 3091 680 3163 faetus
700 3105 774 3181 est,
798 3105 834 3163 et
857 3089 994 3165 donum
1013 3088 1124 3164 beato
1147 3090 1245 3161 Petro

187 3210 351 3309 apostolo
367 3235 450 3280 cum
466 3209 613 3308 gemmis
631 3207 795 3306 pretiosis
807 3207 918 3279 misit.
934 3205 1112 3279 Praefatus
1130 3233 1214 3305 papa
1228 3233 1244 3276 a

189 3326 377 3400 consulatu
392 3326 573 3398 Senatoris
591 3350 701 3425 usque
714 3323 757 3396 ad
770 3322 1027 3424 Symmachum
1038 3338 1075 3396 et
1087 3324 1244 3397 Boetium

188 3443 334 3532 floruit,
353 3458 389 3516 et
405 3443 589 3542 episcopos
605 3468 669 3541 per
685 3442 823 3532 diversa
833 3442 911 3516 loca
925 3466 1080 3514 numero
1095 3467 1141 3513 tv
1157 3439 1244 3514 ordi·

190 3722 252 3784 part
261 3711 310 3766 des
318 3710 382 3765 faits
390 3709 564 3766 mentionnes
572 3706 640 3762 dans
649 3706 859 3780 ceparagraphe
866 3716 942 3773 sont,
953 3705 1035 3759 sinon
1042 3703 1128 3760 d‘une
1137 3703 1242 3758 authen·

190 3803 267 3856 ticite
282 3799 433 3874 complete,
450 3819 486 3854 au
498 3799 589 3854 moins
599 3798 753 3853 conformes
769 3815 823 3851 aux
834 3795 982 3851 traditione
998 3798 1107 3869 repues.
1122 3795 1241 3866 L’hymne

191 3890 239 3947 des
257 3911 339 3964 anges
357 3903 399 3948 est
416 3889 442 3944 le
464 3891 561 3945 Gloria
578 3893 607 3943 in
623 3889 752 3956 excelsm,
771 3905 879 3943 comme
891 3897 971 3942 notre
984 3897 1087 3942 auteur
1104 3885 1138 3940 l’a
1154 3886 1194 3940 dit
1207 3885 1239 3937 ci·

191 3982 345 4054 dessusl(p.
364 3979 444 4052 389),
465 3984 481 4034 a
499 3979 643 4034 l’ooeasion
660 3977 743 4033 d'uue
760 3978 934 4033 enonciation
951 3975 1168 4032 contradictoire
1187 3990 1240 4028 arec

192 4070 311 4130 celle-ci.
326 4071 491 4142 Symmaque
508 4069 552 4123 sut
572 4071 683 4125 enterre
697 4086 760 4124 sous
778 4066 804 4123 le
817 4068 922 4141 porche
936 4067 971 4122 de
983 4066 1181 4123 Saint-Pierre.

222 4161 262 4232 (1)
281 4160 374 4215 Lisez:
395 4158 567 4215 Theoderici.
