2894 4958
573 404 689 469 LIBER
711 405 868 471 PRIMUS.
1215 411 1255 475 93

238 526 344 598 XXI.
375 526 466 596 Cum
490 525 759 624 complerentur
779 527 853 600 dies
879 528 1122 618 Pentecostes,
1144 531 1254 604 disci·

184 643 335 743 pulique
348 642 437 716 hora
451 643 556 714 tertia
574 645 611 714 in
628 669 744 715 uuum
758 646 962 745 congregati
977 661 1092 719 essent
1110 645 1250 734 fideles,

184 759 302 833 faetus
318 774 371 833 est
387 775 535 857 repente
553 758 596 832 de
613 759 707 831 coelo
722 785 848 849 sonus,
868 776 904 834 et
926 763 963 833 in
987 763 1099 862 igneis
1122 764 1254 865 linguis

186 876 467 975 supersedentes
480 876 663 950 deseendit
680 878 835 976 Spiritus
853 881 1002 953 Sanctus
1012 935 1022 970 ,
1041 881 1182 980 replens
1194 909 1253 957 eos

186 997 290 1066 omni
303 993 450 1067 scientia
460 1046 470 1081 ,
482 991 682 1092 divinisque
693 993 976 1068 charismatibus.
993 997 1141 1098 Oquam
1148 999 1254 1072 velox

187 1125 226 1182 et
238 1110 357 1182 efficax
375 1124 426 1181 est
446 1109 511 1182 iste
526 1108 673 1199 artifex,
690 1125 727 1182 et
745 1109 1023 1184 desiderantium
1043 1115 1253 1188 unctionem

185 1231 264 1328 ejus
280 1228 479 1300 animarum
493 1227 605 1299 duleis
618 1242 654 1300 et
667 1226 828 1300 vivificus
845 1229 985 1327 opifex!
1004 1232 1100 1332 Ignis
1111 1231 1253 1303 divinus

185 1371 265 1420 non
282 1344 515 1434 comburens,
535 1344 594 1418 sed
613 1345 832 1434 illuminaus,
849 1346 1006 1435 advenit,
1026 1347 1133 1421 corda
1150 1348 1255 1421 disci·

184 1462 359 1562 pulorum
371 1461 529 1535 ubertim
543 1461 796 1549 inflammavit,
812 1463 1009 1535 carnalium
1021 1464 1255 1539 delectatione

185 1579 416 1678 voluptatum
432 1594 467 1652 et
484 1578 679 1651 formidine
697 1579 957 1678 suppliciorum
974 1582 1168 1654 evacuavit.
1184 1585 1255 1654 Eos

186 1698 227 1770 in
249 1722 314 1769 ore
336 1722 402 1794 per
416 1693 658 1769 diversitatem
681 1696 885 1797 linguarum
905 1696 1027 1771 subito
1047 1697 1190 1788 docuit,
1217 1700 1255 1770 in

185 1828 310 1886 mente
326 1826 447 1884 autem
463 1838 506 1884 ex
523 1812 734 1884 auctoritate
752 1809 958 1904 roboravit,
981 1828 1017 1886 et
1036 1815 1074 1887 in
1098 1814 1255 1888 culmine

185 1930 367 2003 virtutum
380 1944 506 2002 contra
524 1954 648 2001 omnes
663 1943 758 2000 astus
773 1929 907 2001 inimici
926 1930 1067 2004 extulit.
1088 1934 1130 2004 ln
1150 1933 1256 2004 variis

186 2045 340 2147 apostoli
357 2044 488 2144 linguis
503 2045 677 2145 magnalia
691 2045 755 2118 Dei
775 2042 1032 2145 loquebantur,
1052 2048 1101 2120 ita
1119 2063 1160 2120 ut
1176 2073 1254 2122 om-

184 2166 293 2238 nium
321 2162 486 2262 gentium
516 2161 662 2234 advenae
698 2163 918 2236 mirarentur
949 2163 1049 2264 quod
1078 2164 1255 2263 indigenae

186 2277 328 2352 Galilaei
348 2277 517 2353 omnibus
536 2278 667 2378 linguis
682 2278 812 2352 diserte
827 2295 1028 2353 uterentur.
1043 2281 1121 2354 Hoc
1136 2299 1178 2354 ut
1197 2284 1255 2357 in-

187 2395 260 2469 vidi
280 2395 395 2469 Judaei
415 2396 627 2470 confusione
647 2395 746 2496 digni
767 2413 1041 2496 compererunt,
1068 2400 1131 2497 qui
1147 2425 1255 2498 opera

187 2512 321 2586 Christi
341 2529 377 2586 et
393 2512 501 2586 verba
514 2514 656 2585 sinistra
670 2513 967 2612 interpretatione
980 2540 1120 2613 semper
1132 2514 1256 2614 depra-

187 2656 272 2705 vare
286 2631 382 2704 soliti
397 2647 499 2719 sunt,
518 2630 692 2731 magnalia
708 2629 772 2702 Dei
789 2629 906 2702 fantes
919 2647 1040 2703 musto
1055 2631 1180 2729 plenos
1192 2631 1256 2705 de-

188 2747 395 2853 bacchando
412 2765 650 2823 asseruerunt.
670 2748 807 2822 Verum
830 2749 956 2821 Petrus
973 2749 1146 2848 spirituali
1165 2766 1254 2849 potu

189 2865 324 2939 affatim
337 2864 517 2938 debriatus
533 2867 570 2937 in
588 2864 744 2962 perfidos
758 2865 933 2951 surrexit,
949 2862 1056 2936 verba
1074 2866 1255 2963 sapientia·

189 2981 352 3055 salutaris
369 2983 561 3071 eructavit,
582 2981 626 3054 de
643 2982 889 3053 incarnatione
904 2998 939 3053 et
955 2982 1116 3079 passione
1134 3008 1253 3053 acre-

191 3098 413 3170 surrectioue
427 3095 558 3168 Christi
572 3096 783 3196 eloquenter
801 3095 985 3181 tractavit,
1003 3111 1039 3168 et
1055 3096 1256 3168 multitudi-

191 3241 275 3289 nem
292 3213 563 3314 malignantium
583 3228 798 3312 cooperante
818 3213 955 3313 Spiritu
974 3214 1105 3286 Sancto
1125 3211 1254 3286 confu—

190 3357 265 3403 sam
294 3331 486 3429 superavit.
518 3330 619 3401 Sicut
648 3328 854 3421 Mahhnm,
885 3331 947 3430 qui
975 3357 1095 3404 servus
1124 3330 1254 3401 summi

191 3445 382 3520 sacerdotis
400 3462 493 3534 erat,
516 3444 634 3546 gladio
655 3446 838 3546 quondam
861 3449 1054 3547 percussit,
1079 3463 1115 3520 et
1131 3473 1254 3519 aurem

192 3565 265 3661 ejus
282 3564 481 3660 amputavit
489 3590 499 3650 3
521 3564 571 3634 sic
594 3563 784 3635 carnaliter
805 3562 1017 3635 famulantes
1036 3562 1102 3635 soli
1123 3562 1254 3636 litterae

192 3682 356 3755 mosaicae
374 3682 459 3781 legis
474 3682 628 3782 mystico
645 3682 710 3754 Dei
729 3680 840 3755 verbo
856 3682 1029 3782 pupugit,
1049 3697 1255 3781 veteresque

193 3796 975 3875 caerimoniasetobservationesabintellectu
986 3797 1255 3899 neophytorum

194 3917 375 3991 resecavit.
391 3913 532 3987 Judaeos
550 3915 688 4014 itaque,
708 3939 798 4013 quos
816 3913 860 3986 ad
876 3940 1000 3986 necem
1016 3915 1153 3988 Messiae
1170 3939 1256 4012 per-

195 4031 273 4107 fidia
284 4032 410 4106 saevire
422 4031 530 4131 paulo
538 4046 622 4103 ante
635 4031 769 4128 coegit,
784 4030 925 4105 fervens
937 4031 1033 4104 Petri
1046 4028 1254 4130 praedicatio

195 4150 234 4221 ad
254 4149 513 4249 poenitentiam
529 4162 566 4220 et
582 4144 689 4221 fidem
705 4162 813 4247 atque
827 4145 1003 4245 baptisma
1021 4147 1194 4221 invitavit.
1209 4147 1257 4218 Et
