2894 4958
267 425 309 489 5⁴
542 426 728 487 HISTORIA
748 424 1054 488 mcffilffllcl.

266 545 497 649 linquendus.
511 548 610 621 lecti
627 547 778 621 nomine
792 545 971 648 liguratur
979 549 1086 648 quies·
1092 546 1266 620 eodrsiae.
1280 544 1336 622 ne

262 665 407 740 duobus
420 665 596 767 loquitm,
612 667 714 767 qumi
730 663 776 738 de
791 664 934 740 duobus
946 663 1175 755 bominibus3
1191 665 1254 739 aed
1272 667 1335 738 iu-

264 781 498 884 telligendum
510 798 565 856 est
573 784 620 855 de
629 782 774 857 duobus
788 783 1021 856 affectionum
1034 780 1240 883 genu-ihm.
1257 781 1331 876 Qui

263 900 361 973 enim
371 903 527 1000 meeo
535 901 775 974 continentie
784 899 917 989 studet,
928 900 1057 974 utsine
1065 899 1140 972 ulla
1148 899 1333 976 sollicitu-

261 1017 347 1091 (line
363 1019 488 1091 virens
503 1043 544 1090 ea
560 1042 646 1118 quae
656 1016 804 1090 Domini
817 1032 904 1089 sunt
919 1017 1075 1118 cogitet,
1092 1033 1297 1091 assumetur
1310 1042 1335 1090 a

259 1137 337 1208 Deo
352 1134 396 1207 ad
411 1152 584 1207 aeternam
598 1131 872 1207 beatitudinem.
890 1133 962 1228 Qui
976 1158 1065 1207 vero
1078 1132 1248 1207 bumana
1259 1133 1333 1206 lau·

259 1250 315 1323 dis
334 1277 478 1336 amore,
493 1250 550 1322 rel
566 1250 635 1322 alia
651 1249 814 1351 qualibet
827 1251 1005 1325 vitiorum
1019 1253 1261 1352 emptione
1270 1276 1332 1324 ea·

258 1392 344 1440 mna
354 1368 823 1456 statummonasticaeritae,
835 1369 1079 1469 quaimbutus
1090 1385 1161 1460 est,
1175 1369 1329 1457 luerit,

259 1499 406 1555 aeternae
422 1483 576 1557 miseriae
591 1481 851 1584 relinquendus
864 1500 938 1574 est,
951 1501 996 1557 ut
1012 1486 1052 1557 iu
1068 1484 1331 1559 lamentatione

255 1599 422 1673 Jeoemiae
432 1600 651 1686 insinuatur,
663 1601 728 1700 qui
738 1601 865 1674 otiosae
873 1601 1110 1701 cujuslibetet
1120 1602 1332 1701 peontricis

258 1712 611 1787 animaesuhtudaeae
622 1713 1117 1814 specielapsumdeserihens,
1130 1717 1200 1788 ait:
1217 1715 1333 1788 Vide·

258 1848 437 1903 mnteam
451 1830 592 1921 hoster,
614 1849 649 1903 et
665 1832 869 1905 derakemnt
881 1832 1040 1907 subbata
1052 1835 1134 1934 ejus
1146 1834 1218 1930 (ι).
1237 1832 1330 1906 llum

257 1947 433 2021 molentes
452 1965 604 2047 propter
619 1948 875 2047 temporalium
893 1949 1128 2048 negotiorum
1144 1945 1277 2021 orbem
1292 1963 1332 2021 et

257 2063 451 2135 circuitum
461 2063 666 2162 signifieant
674 2063 818 2164 plebes,
830 2090 916 2165 quae
926 2068 1021 2139 sicut
1031 2065 1212 2138 seaninaea
1222 2065 1329 2152 viris,

257 2181 309 2252 sio
330 2179 466 2253 debent
482 2182 559 2280 regi
580 2181 853 2267 edoctoribus3
877 2199 914 2256 et
938 2185 978 2255 in
998 2185 1108 2255 variis
1122 2181 1332 2258 laborantes

257 2295 415 2384 artibus,
428 2297 587 2368 eeclesiae
601 2297 811 2370 deserviunt
826 2298 963 2372 usibus.
977 2300 1059 2374 Una
1072 2326 1156 2399 pan
1171 2325 1333 2373 asume-

258 2426 334 2499 tur,
352 2437 437 2511 quae
456 2412 638 2485 oonnubia
662 2430 814 2513 propter
834 2440 996 2489 amorem
1020 2431 1163 2488 tantum
1186 2415 1332 2515 generis

256 2545 422 2616 exeroet,
439 2543 692 2630 terrenamque
707 2528 946 2603 substantiam
959 2531 1013 2607 ob
1025 2530 1244 2632 aequimoda
1257 2557 1332 2605 otre-

256 2644 355 2716 lestia
370 2643 564 2744 dispensat.
583 2646 824 2746 Relinquetur
833 2664 973 2735 autem,
989 2672 1072 2748 quat
1085 2650 1266 2747 oonjugiia
1278 2647 1332 2723 ob

258 2758 442 2832 illecebras
461 2762 580 2831 carnis
599 2762 781 2846 servierim
800 2777 944 2833 terrena
962 2763 1097 2835 verosi
1118 2786 1190 2860 qua
1210 2763 1333 2836 eoele-

256 2879 337 2967 siae,
353 2878 410 2950 vel
431 2876 650 2977 pauperibus
668 2875 866 2964 obtulerit,
890 2876 973 2952 ideo
991 2878 1138 2965 feeerit,
1162 2893 1207 2950 ut
1226 2881 1331 2980 quasi

255 2992 445 3092 redempto
459 2993 620 3065 Domino
637 2991 693 3064 bis
706 2991 862 3090 amplius
877 2990 1050 3066 abundet.
1076 2992 1159 3067 Duo
1182 2994 1223 3065 in
1239 3020 1330 3094 agro

255 3106 446 3207 designant
461 3121 652 3207 operantes
668 3108 707 3179 in
724 3106 883 3179 eoelesiae
903 3106 1121 3194 ministerio,
1141 3120 1330 3210 tamqmm

257 3227 296 3296 iu
312 3252 399 3325 agro
414 3227 494 3299 Ilei.
508 3223 734 3311 Assumetur,
751 3224 815 3324 qui
829 3222 968 3296 siuoere
979 3222 1133 3297 verbum
1145 3225 1212 3297 Dei
1227 3250 1333 3324 prm·

255 3339 447 3431 dioevmin
473 3343 714 3444 relinquetur,
736 3340 800 3441 qui
825 3336 1012 3411 Christum
1029 3365 1107 3414 non
1127 3354 1242 3427 orate,
1267 3341 1331 3416 sod

255 3483 300 3528 ex
314 3461 502 3533 mensione
517 3456 818 3555 annuntiaverit(
841 3455 874 3553 ).

305 3569 370 3641 llis
382 3572 498 3645 uibus
507 3573 698 3647 bominum
709 3568 903 3672 generibus
914 3583 1056 3643 oonstat
1064 3568 1230 3658 eeclesia,
1242 3596 1331 3672 quae

235 3684 360 3775 ‚bina
378 3682 513 3762 babent
531 3688 753 3763 differentias
776 3721 785 3761 :
807 3702 960 3789 propter
982 3685 1269 3783 assumptionem
1288 3702 1330 3760 ot

255 3799 496 3881 relictionem.
510 3806 616 3881 Unde
630 3823 703 3881 tres
719 3807 816 3880 viros
828 3800 990 3878 Euechiel
1006 3801 1184 3901 propbeta
1197 3801 1328 3878 libera·

372 4173 597 4248 Ὴιίωιι,
612 4197 635 4249 ι,
650 4198 677 4255 7.
687 4209 723 4222 -
735 4181 774 4249 (r)
789 4179 853 4234 lat·
874 4191 942 4240 tvai,
956 4169 1047 4247 ao-by.
