2894 4958
187 371 249 435 31⁴
464 369 649 435 aasaoltle
671 369 976 437 acctsssltttlca

184 491 338 592 fulguris
367 490 549 591 perituros
579 517 617 567 se
648 489 912 581 formidarent,
945 492 1090 567 temnit.
1124 493 1255 569 Omnes

185 609 357 711 prostrati
376 634 460 683 cnm
469 609 653 708 apostolo,
663 636 729 708 per
742 607 897 685 medinm
911 607 988 685 sm
1000 606 1130 685 boram
1137 613 1255 710 jacaic-

186 740 294 817 rnnt,
312 721 454 826 sibique
469 727 706 826 gratissimam
722 726 787 801 Dei
810 724 1015 803 bonitatem
1033 725 1155 801 adesse
1173 754 1256 802 sen-

90 873 98 886 ·
185 858 326 917 serunt.
355 842 462 919 Multi
489 844 589 923 enim
614 841 862 921 febricitantes
886 859 923 919 et
948 842 1071 934 surdi,
1105 844 1198 918 caeci
1220 860 1255 918 et

186 959 301 1033 claudi
319 961 553 1052 sanctisunt,
572 962 723 1064 aliaeque
741 962 971 1039 infirmitates
983 962 1030 1036 ab
1048 960 1253 1037 bominibus

186 1077 323 1153 virtute
341 1078 522 1156 Creatoris
537 1077 695 1179 ἀεριιΙεω
716 1095 814 1155 aunt.
832 1078 988 1155 lubente
1003 1079 1192 1180 apostolo,
1212 1077 1253 1155 de

188 1194 301 1272 humo
322 1198 444 1273 cuncti
468 1194 725 1286 surrexerunt,
750 1211 788 1271 et
807 1196 1001 1298 gaudentes
1020 1222 1095 1298 pm
1117 1212 1253 1296 mepta

187 1314 339 1389 sanitate
350 1313 548 1391 Dominum
564 1314 871 1417 glorificaverunt.

239 1432 346 1505 Tunc
372 1428 497 1507 beatus
522 1428 680 1508 Thomas
707 1430 866 1507 ascendit
892 1456 999 1531 snpra
1026 1446 1188 1531 petr-nm,
1215 1446 1253 1502 nt

189 1574 316 1623 omnes
331 1547 468 1627 videret
490 1564 527 1623 et
543 1547 655 1627 rideri
678 1547 724 1623 ab
741 1547 912 1626 omnibns
935 1565 1074 1648 possat3
1095 1549 1251 1649 factoque

187 1665 354 1754 silentio,
378 1692 500 1740 veram
524 1667 575 1741 eis
598 1664 804 1742 doctrinam
826 1664 984 1740 ubertim
1005 1663 1168 1740 exhibet.
1194 1665 1251 1739 Sc·

187 1783 314 1885 quenti
325 1781 511 1857 dominico
524 1781 694 1884 baptizati
709 1798 794 1858 sunt
807 1810 939 1861 novem
955 1782 1067 1856 millia
1079 1784 1247 1869 virorum,

187 1903 343 2004 exceptis
363 1902 521 2002 parvulis
541 1917 577 1981 et
600 1901 826 1979 mulieribus.
847 1901 1043 2002 Apostolus
1056 1898 1104 1977 ad
1120 1900 1248 1975 Indiam

186 2020 410 2119 superiorem
430 2019 615 2120 profectus
635 2034 689 2095 est
702 2047 768 2120 per
781 2018 1059 2106 revelationem,
1078 2032 1118 2092 et
1133 2042 1247 2092 omnes

184 2137 310 2238 populi
324 2136 543 2215 festinabant
558 2135 602 2211 ad
617 2140 692 2239 ejus
706 2138 931 2237 opinionem.
952 2136 1059 2236 Signa
1078 2150 1118 2210 et
1132 2132 1246 2235 prodi·

186 2256 242 2357 gia
254 2283 336 2356 quae
346 2253 501 2331 faciebat
510 2254 692 2332 videbant.
707 2255 814 2330 Unde
825 2256 996 2329 mirantes
1003 2307 1015 2343 ,
1030 2253 1246 2354 praedicatio·

186 2400 273 2449 nem
293 2376 368 2472 ejus
389 2392 623 2451 contemnere
641 2399 717 2448 non
739 2371 930 2448 audebant.
950 2372 1144 2449 Daemones
1161 2372 1246 2449 enin

186 2486 405 2588 expellebat,
428 2516 541 2565 caecos
564 2488 790 2566 illuminabat
812 2505 848 2564 et
865 2490 1025 2590 leprosos
1043 2487 1244 2563 mundabit.

187 2607 321 2684 Omnes
340 2607 448 2681 etiarn
464 2606 608 2684 dolores
632 2622 669 2683 et
687 2608 823 2682 calores
845 2624 882 2681 et
899 2605 1053 2707 frigores
1072 2607 1131 2706 (a)
1153 2604 1246 2706 pelle

185 2723 250 2799 bat
259 2754 270 2814 3
291 2741 455 2801 mortuos
472 2752 619 2827 quoqne
633 2723 838 2800 suscitabat.

236 2842 409 2936 Quaedam
437 2842 570 2920 mulier
597 2844 747 2920 nomine
775 2843 911 2916 Sintica
920 2894 932 2931 ,
961 2868 1044 2944 qnae
1074 2866 1169 2914 oreon
1195 2862 1248 2940 pn

186 2986 302 3035 annos
317 2987 379 3037 sex
394 2959 535 3051 fuerat,
552 2963 600 3035 ita
614 2976 735 3035 curata
752 2976 823 3050 est,
839 2977 882 3033 ut
894 2987 962 3035 nec
974 2961 1121 3061 signum
1133 2973 1249 3060 praete·

185 3078 267 3152 ritae
287 3077 509 3155 infirmitatis
523 3077 686 3154 haberet.
706 3077 794 3152 Inde
811 3078 1007 3180 Mygdonia
1024 3103 1121 3151 uxor
1134 3072 1248 3149 Garisii

185 3195 329 3295 cognati
346 3197 439 3295 regis
456 3194 587 3269 Mesdei
605 3194 706 3269 valde
723 3221 868 3269 accensa
887 3210 957 3282 est;
975 3211 1013 3268 et
1036 3208 1181 3267 manto
1196 3191 1251 3264 ba·

185 3310 269 3385 bitu
284 3313 459 3412 applicuit
475 3339 512 3388 se
532 3313 629 3386 inter
647 3313 794 3387 ancillas
808 3339 908 3404 snas,
930 3310 992 3383 ubi
1014 3310 1059 3384 de
1082 3311 1161 3384 Deo
1177 3331 1251 3383 vem

185 3427 464 3505 saluberrimum
494 3456 699 3504 sermonem
731 3429 884 3503 faciebat
915 3445 1058 3502 sanctus
1089 3426 1249 3502 Thomas.

186 3550 351 3623 Docente
378 3549 564 3649 apostolo,
596 3550 762 3622 universa
791 3547 989 3621 multitudo
1018 3545 1194 3632 credidit,
1224 3556 1251 3615 ct

185 3680 270 3766 post
279 3667 461 3765 jejunium
474 3680 610 3766 septem
622 3664 763 3739 dierum
778 3663 953 3763 baptisma
970 3664 1148 3762 percepit.
1163 3667 1252 3762 Myg-

188 3781 299 3855 donia
318 3807 427 3869 tero,
453 3807 621 3857 sermone
644 3779 768 3854 andito
792 3807 835 3853 ex
860 3805 924 3852 ore
946 3778 1122 3878 apostoli,
1146 3774 1252 3851 noluit

219 4150 259 4200 lul
276 4150 404 4200 Fabam.
419 4148 521 4216 ploricl
535 4151 572 4207 dc
583 4150 699 4223 frigor:
714 4152 809 4221 sabare,
822 4151 931 4208 irisson.
