2916 4958
197 382 257 444 310
474 376 657 439 HISTORIA
679 376 982 440 ucctsssttsrlct.

199 499 359 574 accersiti
376 513 474 569 sunt.
497 496 568 592 Qui
585 499 767 573 venientes
783 498 890 597 pallia
903 497 1022 572 suade
1035 503 1261 600 serpentibus

199 616 459 718 impleverunt,
475 628 512 688 et
525 614 667 688 eosdem
687 615 725 688 in
741 640 863 717 magos
881 614 1047 690 audacter
1062 618 1259 708 misemnt,

163 826 165 831 Δ
197 735 390 833 statimque
415 737 600 829 serpentes
619 729 806 805 comedere
831 759 954 806 earnes
982 758 1112 807 eorum
1137 761 1260 835 coepe-

196 867 297 924 runt.
310 849 365 921 Illi
376 864 495 922 autem
506 848 598 920 sicut
607 847 682 948 lupi
694 846 893 936 ululabant,
906 850 1145 950 gaudentibus
1156 880 1260 927 cunc·

198 969 243 1040 tis
263 967 324 1068 qui
347 964 524 1037 cruciatus
544 963 741 1063 impiorum
757 964 873 1064 palam
890 966 1109 1065 spectabant.
1131 970 1208 1042 Rex
1226 987 1259 1042 et

195 1109 321 1157 omnes
345 1080 516 1179 apostolis
538 1077 704 1153 dicebant
725 1109 733 1148 :
754 1083 958 1153 Permittite
984 1098 1023 1154 ut
1045 1088 1256 1158 moriantur.

195 1202 247 1273 At
271 1198 321 1271 illi
348 1195 614 1298 responderunt
632 1229 641 1268 :
659 1198 740 1271 Nos
760 1200 866 1272 mirsi
880 1225 1004 1272 sumus
1026 1227 1052 1272 α
1074 1219 1190 1275 morte
1211 1202 1260 1276 ad

193 1323 309 1393 citam
325 1317 514 1406 reducere,
537 1342 612 1389 non
634 1343 660 1388 a
680 1317 760 1388 vita
784 1318 987 1390 tiemonem
1004 1324 1256 1422 praecipitare.

193 1431 330 1509 Deinde
348 1446 562 1521 oraverunt,
587 1447 623 1504 et
639 1431 867 1530 serpentibus
877 1437 1062 1532 jusserunt
1084 1452 1129 1508 ut
1153 1462 1258 1511 omne

192 1574 374 1624 venenum
387 1573 493 1620 suum
508 1574 528 1618 a
541 1548 653 1648 magis
670 1547 855 1621 auferrent
871 1575 910 1620 ac
926 1548 970 1620 ad
987 1549 1065 1624 loca
1083 1578 1146 1625 sua
1164 1553 1257 1627 redi-

192 1682 288 1742 rent.
304 1667 456 1764 Majores
471 1664 591 1764 itaque
607 1663 784 1737 cruciatus
798 1666 890 1764 passi
904 1681 1008 1755 sunt,
1024 1668 1173 1768 quando
1185 1670 1258 1744 uni.

193 1782 285 1856 versi
309 1778 492 1878 serpentes
512 1778 643 1851 iterum
665 1805 788 1852 carnes
809 1806 936 1853 eorum
957 1781 1108 1856 ederent
1131 1786 1169 1859 ct
1184 1813 1258 1859 san-

191 1899 339 2000 guinem
362 1910 548 1996 sugerent,
577 1909 619 1967 ut
642 1921 780 1969 venena
801 1923 863 1968 sua
887 1896 1072 1971 tollerent.
1096 1902 1257 2004 Cumque

191 2030 373 2116 serpentes
386 2011 575 2102 abiissent,
592 2027 629 2086 et
641 2013 889 2112 apostolorum
902 2016 1080 2089 sententia
1091 2021 1187 2121 magi
1202 2021 1257 2093 tri·

190 2135 265 2209 duo
291 2133 388 2207 anxii
415 2156 491 2206 non
520 2129 796 2222 manducarent,
826 2157 894 2205 nec
918 2131 1113 2226 biberent,
1143 2156 1262 2239 neque

190 2252 413 2343 dormirent,
432 2247 585 2349 apostoli
602 2248 769 2320 visitandi
785 2250 895 2350 gratia
913 2248 963 2323 ad·
978 2253 1044 2326 eos
1058 2272 1255 2346 venerunt,

192 2386 229 2444 et
248 2370 382 2441 malum
403 2393 471 2467 pro
488 2364 680 2440 maledicto
696 2393 773 2440 uon
790 2366 978 2441 reddentes
994 2370 1089 2469 ipsos
1112 2398 1257 2449 sanave-

191 2499 292 2558 runt.
319 2483 376 2555 Illi
401 2481 568 2582 profecto
594 2483 632 2555 in
657 2482 805 2581 perfidia
822 2511 883 2555 sua
906 2506 1186 2583 permanserunt
1193 2521 1204 2582 3
1224 2506 1257 2566 et

190 2603 284 2678 sicut
299 2629 318 2674 a
336 2600 426 2674 facie
442 2602 555 2674 sancti
573 2598 733 2674 Matthaei
752 2601 904 2701 apostoli
929 2600 973 2677 de
993 2603 1180 2706 AEthiopia
1198 2607 1257 2682 fu·

190 2732 340 2819 gerunt,
359 2717 410 2789 sic
428 2715 473 2788 ab
494 2714 550 2790 his
569 2714 711 2790 duobus
732 2716 946 2792 confusione
962 2722 1078 2820 operti
1102 2751 1256 2800 recesse-

190 2850 298 2921 runt,
313 2849 349 2908 et
362 2832 636 2907 simulacrorum
649 2833 805 2907 cultores
817 2861 882 2933 per
895 2851 1009 2910 totam
1021 2841 1202 2916 Persidem
1216 2844 1255 2917 ad

190 2949 437 3050 apostolorum
454 2949 659 3021 inimicitias
677 2949 951 3024 suscitaverunt.
972 2953 1041 3052 lpsi
1059 2972 1180 3030 autem
1195 2986 1255 3058 per

192 3079 320 3139 cuncta
334 3064 466 3164 templa
479 3089 606 3137 eorum
624 3063 888 3154 sacrificabant,
910 3064 1148 3170 hominesque
1161 3100 1256 3173 pm.

191 3182 304 3283 stigiis
324 3182 396 3256 suis
411 3179 534 3255 subito
551 3180 642 3256 fixos
653 3235 665 3271 ,
687 3180 880 3284 subitoque
901 3184 1037 3259 solutos
1057 3185 1253 3281 faciebant,

192 3297 314 3374 subito
329 3323 442 3373 caecos
460 3298 646 3372 etiterum
659 3297 842 3389 videntes,
862 3297 983 3375 subito
1002 3304 1132 3380 surdos
1150 3322 1187 3381 et
1203 3308 1258 3384 ite·

192 3443 276 3489 rum
291 3413 488 3489 audientes.
507 3414 567 3486 Sic
586 3413 631 3487 de
651 3413 706 3488 bis
726 3413 976 3505 ludificabant,
991 3420 1054 3519 qui
1072 3420 1179 3498 idolis
1193 3426 1257 3498 im-

108 3583 112 3600 ,
192 3531 398 3621 molebant,
413 3531 540 3633 suique
554 3531 686 3605 similes
701 3547 817 3631 erant.

242 3649 406 3751 Apostoli
421 3676 440 3721 a
455 3674 538 3749 rege
558 3664 595 3723 et
610 3676 629 3720 a
643 3647 733 3723 duce
751 3652 867 3750 rogati
884 3652 1124 3727 morabantur
1141 3658 1180 3730 in
1197 3660 1257 3730 lte

191 3766 355 3869 bylouia,
371 3766 409 3838 in
422 3764 571 3840 nomine
583 3764 731 3838 Domini
747 3764 917 3840 facientes
928 3766 1106 3842 mirabilia
1117 3799 1255 3873 magna,

194 3883 309 3957 surdis
338 3881 524 3956 reddentes
554 3881 735 3970 auditum,
768 3882 1049 3957 claudicantibus
1078 3914 1254 3987 gressum,

194 4026 306 4075 caecos
319 4000 581 4086 illuminantes,
598 3999 756 4098 leprosos
770 3999 1005 4090 mundantes,
1022 4001 1206 4081 daemones
1217 4034 1255 4080 ex

192 4114 340 4192 obsessis
359 4114 572 4214 corporibus
592 4115 769 4215 fugamus.
795 4115 931 4191 Multos
955 4143 1041 4217 ergo
1065 4118 1256 4221 discipulos
