2894 4958
188 444 249 504 326
463 440 648 502 HISTORIA
669 438 976 502 Ecctffiltsvlcs.

188 578 321 636 cantes.
358 561 411 635 Ex
441 587 506 636 ore
535 587 623 636 vero
652 565 727 662 ejus
758 578 795 637 et
826 559 976 635 naribus
1008 560 1249 661 egrediebatur

188 677 330 749 flamma
338 675 804 775 sulphurea.Pennasetolas
812 677 952 777 spineas
962 675 1057 749 sicut
1066 672 1250 775 sphinx(1)

189 793 362 882 habebat,
377 808 415 867 et
426 794 568 867 vinctus
580 813 656 870 erat
672 824 691 869 a
709 811 811 896 tergo
826 819 953 868 monus
962 847 974 883 ,
994 792 1181 895 igneisque
1195 819 1250 867 en-

189 911 282 984 tenis
298 911 456 984 strictus.
474 911 667 1013 Postquam
685 910 863 1012 malignus
881 911 988 985 Satan
1006 909 1054 983 ab
1070 910 1173 985 omni
1192 933 1250 1009 po·

187 1028 276 1127 pulo
295 1027 390 1100 visus
405 1043 458 1103 est
479 1043 516 1104 et
530 1029 576 1103 ab
593 1031 721 1132 angelo
737 1028 939 1118 absolutus,
957 1023 1195 1129 praecipiente
1214 1042 1251 1101 ot

190 1147 227 1218 in
244 1146 425 1220 desertum
450 1148 572 1222 locum
588 1147 724 1237 abiret,
751 1145 812 1221 nbi
831 1146 928 1221 nulla
953 1143 1148 1221 hominnm
1170 1168 1251 1219 oon·

188 1265 342 1338 versatio
354 1280 461 1355 esset,
478 1265 600 1367 ibique
615 1265 712 1342 diem
722 1263 849 1366 judicii
871 1279 1095 1365 expectaret,
1112 1262 1249 1339 teterri-

188 1406 290 1453 mum
314 1381 404 1455 dirae
428 1383 524 1456 vocis
548 1383 728 1458 ululatum
749 1383 894 1472 emisit,
918 1382 1077 1457 evolavit
1102 1397 1140 1456 et
1166 1406 1248 1457 nvn·

189 1521 298 1594 qsnm
319 1499 534 1596 comparuit.
557 1496 715 1601 Angelus
731 1515 850 1575 antem
868 1498 1037 1590 Domini,
1049 1494 1248 1571 videntibtv

188 1615 347 1709 cunctis,
366 1615 410 1688 ad
427 1616 562 1689 coelum
580 1617 748 1692 evolavit.

238 1732 344 1805 Tunc
360 1733 539 1808 Polemios
556 1762 642 1825 rex,
665 1762 736 1809 nna
754 1762 837 1811 oum
854 1760 968 1809 uxore
983 1758 1045 1806 suo
1062 1747 1103 1808 et
1117 1729 1248 1806 duobos

188 1847 296 1935 filiis,
324 1876 408 1925 cum
433 1853 533 1926 omni
552 1855 722 1928 exercitu
745 1879 812 1927 sno
838 1868 875 1926 et
899 1851 1000 1926 omni
1025 1848 1168 1950 populo
1193 1847 1246 1949 qui

188 1964 339 2037 salvatus
356 1982 428 2052 est,
452 1994 536 2040 cum
560 1969 662 2042 omni
683 1971 822 2068 populo
845 1967 997 2040 civitatis
1017 1991 1094 2038 snoe
1114 1979 1153 2038 et
1170 1965 1246 2038 vici-

174 2105 320 2152 narum
348 2080 496 2154 urbium
531 2109 613 2184 qnae
645 2082 691 2156 nd
721 2086 796 2180 ejus
819 2079 1054 2180 pertinebant
1080 2103 1244 2180 regnum,

189 2195 357 2286 credens,
376 2197 575 2297 baptizatus
591 2214 662 2287 eet3
682 2214 719 2273 et
736 2198 900 2298 deposito
914 2196 1117 2271 diademate
1133 2197 1245 2296 eapitis

188 2337 273 2384 cnm
283 2339 464 2413 purpura,
483 2315 597 2412 eoepit
613 2313 778 2412 apostolo
796 2311 991 2387 ndhaerere.
1017 2313 1162 2387 Interea
1178 2311 1244 2385 oni-

189 2441 286 2501 tores
308 2442 345 2501 et
367 2429 557 2528 pontifices
576 2429 829 2503 universorum
853 2428 1075 2530 templorum
1091 2453 1129 2505 se
1146 2426 1243 2503 colle

188 2560 340 2644 gerunt,
365 2546 470 2619 acad
491 2546 683 2649 Astyagem
699 2573 820 2649 regem
840 2547 990 2622 fratrem
1009 2547 1069 2645 (2)
1085 2549 1244 2646 majorem

190 2662 238 2733 ita
256 2664 442 2764 conquesti
459 2679 545 2737 sunt
565 2695 574 2737 τ
592 2666 727 2738 Frater
745 2681 827 2737 tuus
848 2669 952 2765 magi
968 2663 1129 2738 Itomt‘nis
1147 2661 1242 2737 dnti-

185 2778 433 2881 putrefactus
454 2798 526 2871 est,
550 2785 617 2882 qni
632 2782 767 2884 templa
781 2799 907 2856 nostra
926 2780 998 2856 sibi
1019 2781 1245 2871 vendicata

189 2893 278 2971 deos
293 2915 435 2973 nostros
452 2902 663 3001 confringit.
684 2900 776 2974 Cum
803 2901 879 2974 haee
895 2899 1031 3002 *flentes
1055 2898 1242 2985 referrent,

188 3040 270 3088 ecce
279 3032 317 3089 et
326 3017 477 3090 aliarum
490 3018 677 3091 civitatum
689 3018 879 3117 pontifices
893 3016 1014 3092 eadem
1024 3015 1156 3091 flentes
1167 3028 1246 3089 ren

187 3132 323 3208 lerunt.
334 3134 506 3236 Astyages
514 3164 577 3210 rex
592 3138 702 3237 igitur
712 3135 930 3238 indignatus,
942 3133 1244 3209 misitmillevirot

187 3268 342 3325 armatos
364 3279 448 3326 cum
470 3254 726 3354 pontificibus,
746 3271 788 3328 ut
806 3252 868 3328 nbi
887 3253 1096 3328 invenirent
1114 3266 1241 3353 aposto

187 3366 283 3456 lum,
301 3369 465 3441 vinctum
486 3368 554 3442 sibi
574 3368 816 3470 pervincerent
836 3368 951 3443 illum.
975 3368 1047 3462 Qui
1067 3394 1154 3443 cum
1176 3391 1241 3468 pe·-

186 3483 315 3558 ductus
333 3484 378 3558 ad
395 3512 515 3587 regem
534 3486 678 3576 fnisset,
702 3502 739 3562 et
753 3488 996 3589 interrogatus
1012 3485 1059 3561 de
1073 3487 1154 3560 Deo
1170 3504 1239 3558 vent

186 3616 393 3676 constanter
420 3604 684 3703 respondisset,
716 3605 923 3679 nuntiatum
957 3618 1010 3678 est
1042 3604 1121 3704 regi
1158 3595 1238 3703 qnod

221 3918 259 3985 (t)
277 3917 350 3971 Dans
367 3918 393 3972 le
410 3920 474 3973 senx
491 3919 608 3989 Abdias,
627 3939 662 3975 au
679 3920 734 3976 lieu
753 3921 788 3976 de
807 3940 852 3977 ees
868 3930 939 3976 mots
958 3944 963 3971 ι
987 3922 1059 3975 sicut
1078 3919 1194 3989 spirim,
1209 3929 1235 3966 ⁰⁰

189 4015 282 4059 trouve
296 4009 404 4061 ceux-ci
420 4033 424 4059 :
440 4013 511 4062 sicut
523 4010 645 4081 lqrstrir.

220 4095 257 4164 (π)
276 4095 392 4165 Ajontez
408 4121 412 4148 ι
430 4098 501 4169 ejus.
