2894 4958
236 350 255 409 8
511 346 696 408 HISTORIA
716 345 1018 409 EcctmltsTlcl.

235 470 368 569 Legem
380 520 392 556 ‚
423 491 532 568 quam
557 491 624 566 per
650 468 826 567 Moysem.
842 464 1011 555 dederat,
1043 467 1301 544 inviolabiliter

235 583 409 672 servavit,
433 598 471 656 et
490 608 636 656 omnem
653 583 831 681 justitiam
854 583 927 682 ipse
950 582 1075 683 legifer
1096 609 1161 683 per
1177 586 1299 658 omnia

235 700 413 801 implevit.
428 699 520 773 Nam
536 714 660 773 octava
676 700 734 773 die
751 701 981 773 circumcisus
998 715 1070 790 est,
1091 715 1128 774 et
1142 702 1300 802 quadra-
1367 770 1373 777 .

234 817 366 917 gesima
374 816 432 889 die
441 840 523 889 cum
534 814 635 913 legali
650 812 835 889 oblatione
848 817 887 888 in
902 815 1038 914 templo
1050 816 1146 888 Patri
1159 815 1300 890 oblatus

235 935 316 1033 est(
320 933 370 1031 1).
391 932 460 1006 Sed
475 932 637 1033 quamvis
650 931 763 1032 Virgo
778 947 894 1006 mater
904 930 997 1006 divae
1013 933 1126 1032 prolis
1141 933 1301 1036 alligaret

233 1049 396 1125 membra
411 1049 540 1149 pannis
557 1049 740 1137 involuta,
767 1065 803 1123 et
827 1050 933 1150 pedes
956 1066 1155 1152 manusque
1176 1053 1301 1126 stricta

233 1168 394 1269 cingeret
414 1165 542 1255 fascia,
567 1182 740 1266 tenerque
759 1165 877 1240 infans
900 1167 996 1241 inter
1016 1181 1115 1241 arcta
1135 1167 1302 1243 conditus

233 1285 406 1385 praesepia
421 1284 557 1386 vagiret
567 1309 635 1383 pro
651 1280 806 1357 humana
814 1337 826 1373 ,
841 1310 951 1384 quam
960 1284 1074 1357 Patris
1086 1284 1178 1359 velle
1188 1311 1302 1360 susce·

232 1417 358 1501 perat,
379 1399 540 1487 miseria;
559 1399 721 1474 sublimis
740 1415 860 1476 tamen
877 1401 992 1491 Deus,
1009 1417 1093 1478 orto
1112 1402 1151 1474 in
1167 1399 1301 1477 aethere

233 1517 486 1609 novosidere,
510 1533 731 1594 monstratus
747 1534 820 1608 est,
844 1534 881 1593 et
898 1545 918 1591 a
939 1519 1051 1621 Magis
1066 1517 1301 1592 orientalibus

232 1634 406 1711 divinitus
417 1635 610 1711 ,illustretis
628 1637 668 1709 in
684 1634 868 1711 Bethleem
883 1637 1095 1737 requisitus,
1119 1634 1241 1738 ibique
1261 1637 1300 1710 in

92 1804 98 1817 ·
175 1791 179 1797 ·
232 1752 410 1828 cunabilis
424 1754 592 1829 inventus
600 1790 617 1846 ,·
627 1781 668 1828 ae
680 1772 722 1827 ut
734 1756 831 1828 Deus
843 1754 1011 1828 adoratus
1024 1771 1089 1830 est.
1103 1754 1301 1829 Prudentes

233 1872 329 1973 Magi
352 1873 421 1946 tria
442 1899 593 1947 munera
612 1873 657 1948 de
678 1872 860 1947 thesauris
872 1872 944 1946 suis
963 1874 1119 1973 pretiosa
1135 1873 1302 1973 protule-

232 2004 341 2078 runt,
361 2014 509 2078 aurum,
532 1987 616 2063 thus
632 2005 668 2064 et
688 1988 876 2090 myrrham
893 1988 1038 2063 Christo
1050 1996 1178 2090 sponte
1193 1987 1302 2063 obtu-

232 2105 379 2193 lerunt;
407 2105 540 2206 quibus
574 2106 691 2206 ipsum
716 2132 898 2180 summum
922 2132 1071 2207 regem,
1102 2130 1301 2205 verumque

234 2222 372 2309 Deum,
395 2236 432 2295 et
452 2221 644 2296 mortalem
663 2220 850 2297 homiuem
863 2223 1061 2325 praeconati
1079 2236 1177 2295 sunt.
1197 2222 1303 2296 Elec-

232 2339 344 2414 tionis
358 2338 521 2438 gentium
539 2339 710 2437 primitiae
732 2341 771 2412 in
785 2339 840 2414 his
860 2355 1076 2414 consecratae
1093 2355 1196 2427 sunt,
1218 2365 1302 2439 quae

231 2454 278 2530 de
300 2453 391 2529 Saba
415 2454 564 2556 aliisque
585 2455 794 2533 nationibus
812 2457 883 2532 late
906 2484 972 2558 per
990 2455 1118 2533 orbem
1136 2456 1302 2557 dispersis

232 2573 276 2646 ad
298 2572 483 2647 Christum
506 2575 545 2647 in
570 2574 754 2650 Bethleem
777 2592 1076 2676 properaverunt.
1102 2578 1144 2649 ln
1167 2576 1302 2648 somnis

232 2689 280 2765 ah
301 2691 429 2792 angelo
455 2693 666 2768 commoniti
694 2720 740 2767 ne
763 2692 925 2769 redirent
947 2695 992 2768 ad
1012 2692 1211 2781 Herodem,
1236 2719 1302 2792 per

233 2805 331 2880 aliud
345 2807 414 2882 iter
425 2809 464 2880 in
480 2834 581 2881 suam
593 2809 667 2882 laeti
680 2809 898 2909 repedarunt
907 2810 1090 2911 regionem
1100 2809 1171 2907 (2).
1188 2809 1302 2882 Tem-

233 2949 322 3023 pore
344 2924 566 3025 purgationis
588 2953 661 2999 suae
687 2925 800 3027 Virgo
822 2953 951 3027 parens
973 2924 1101 3000 devota
1125 2925 1302 3025 templum

230 3038 340 3129 adiit,
369 3041 515 3141 Deoque
539 3042 636 3114 Patri
653 3069 808 3142 puerum
830 3043 1084 3143 praesentavit,
1109 3067 1218 3141 quem
1239 3041 1301 3113 Si-

234 3182 342 3231 meon
359 3183 467 3230 senex
482 3160 600 3257 justus
619 3159 657 3231 in
680 3157 775 3231 ulnis
791 3158 958 3258 suscepit.
983 3159 1084 3232 Felix
1100 3156 1302 3230 silicernius

234 3273 272 3348 in
298 3275 375 3348 Deo
398 3273 598 3362 exultavit,
628 3274 712 3374 quia
738 3272 802 3347 diu
826 3289 1054 3376 expectatum
1081 3274 1301 3347 salvatorem

231 3394 398 3494 gentium
412 3392 524 3481 vidit,
543 3418 608 3492 per
623 3391 800 3491 Spiritum
817 3392 991 3466 Sanctum
1004 3392 1169 3492 agnovit,
1188 3390 1302 3464 mani·

233 3508 302 3583 hus
331 3511 505 3608 gestavit,
541 3535 695 3610 eumque
721 3510 865 3609 populis
892 3510 994 3583 vitae.
1009 3525 1046 3584 et
1072 3508 1201 3582 mortis
1228 3534 1302 3582 esse

233 3622 424 3697 dominum
449 3623 679 3723 praedicavit,
710 3640 747 3699 et
778 3624 901 3698 multis
930 3623 1189 3697 admirantibus
1218 3649 1301 3695 cum

234 3739 371 3840 ingenti
404 3739 564 3838 tripudio
600 3738 797 3815 benedixit.
832 3743 941 3814 Anna
974 3741 1192 3841 prophetes,
1227 3738 1301 3812 lilia

233 3854 416 3943 Phanuel,
445 3854 602 3954 gaudens
630 3855 757 3947 affuit3
795 3857 900 3930 vidua
931 3855 1127 3930 virtutihus
1160 3854 1301 3955 pollens

236 4075 238 4078 Ι
270 4117 280 4188 l
286 4117 309 4187 ι)
328 4115 393 4170 Luc.
409 4135 447 4183 ιι,
463 4115 554 4172 21-23.
568 4149 599 4159 ·-
613 4118 652 4189 (a)
665 4116 764 4173 nauh.
782 4135 818 4184 ιι,
838 4132 909 4173 rua,
