2894 4958
197 389 260 450 tto
474 386 659 449 HISTORIA
679 386 986 451 Eccttsltstlct.

197 523 270 580 tem
293 507 495 580 orationem
511 508 642 607 fecit,.
660 525 696 581 et
725 510 871 583 atticum
887 510 1017 605 filium
1044 511 1176 606 ducis,
1206 521 1264 617 qni

198 621 504 725 montuosuerot,
518 629 755 700 resuscitavit.
767 628 871 700 Ecce
878 655 977 702 nnnc
988 629 1151 706 indomo
1162 630 1264 709 duces

194 741 318 833 sedet,
344 769 468 816 omnes
493 744 549 816 ad
570 771 612 819 se
634 745 875 846 ingredientes
896 745 1002 821 docet
1023 763 1060 822 et
1083 751 1265 829 onomat

198 855 425 958 infirmitates
447 875 565 932 cnm.
590 859 790 960 Respondit
813 862 960 962 Treptia
978 894 988 937 ι
1009 863 1056 937 Si
1076 868 1133 939 ita
1154 882 1210 941 est
1231 885 1265 942 ut

196 975 352 1064 asseres,
367 1000 494 1048 eamus
498 1031 514 1066 ,
528 975 608 1048 etsi
618 1002 702 1049 nere
714 977 768 1049 ita
782 977 1080 1080 comprobavero,
1094 984 1264 1084 protinus

197 1087 346 1162 credam
365 1091 413 1162 ei.
433 1088 593 1163 Stultum
608 1108 662 1164 est
679 1093 776 1165 enim
792 1109 967 1166 aetemam
978 1094 1098 1169 eitam
1112 1122 1190 1172 non
1203 1126 1263 1201 up·

112 1195 118 1210 ’
188 1219 334 1305 petere,
357 1222 392 1280 et
413 1209 525 1281 tantis
539 1209 731 1282 virtutibus
747 1235 822 1283 non
844 1210 1000 1285 credere.
1016 1212 1132 1289 Ducis
1149 1214 1263 1317 itaque

194 1322 240 1394 ad
253 1321 405 1397 domum
420 1341 677 1424 potnexerunt3
695 1326 881 1426 ingressae,
896 1326 941 1401 nd
958 1353 1043 1403 eum
1059 1345 1155 1405 tuuc
1169 1332 1262 1435 loqui

195 1459 273 1509 non
297 1453 511 1538 potuerunt.
534 1440 735 1540 Occupatus
756 1442 855 1516 enim
874 1457 970 1535 erat,
998 1471 1130 1520 monus
1156 1448 1262 1551 impe

194 1577 287 1627 nens
304 1581 412 1656 super
426 1556 654 1632 infirmitates
666 1561 792 1633 varias.
808 1560 944 1662 Regina
953 1615 965 1652 ,
984 1577 1027 1635 ut
1043 1576 1145 1638 touta
1158 1567 1261 1640 mira·

193 1665 281 1744 bilia
296 1673 409 1765 vidit,
430 1673 677 1778 obstupefacta
694 1677 811 1752 dixit:
828 1679 1168 1759 Maledictionum
1187 1686 1260 1760 Deo

193 1789 261 1886 qui
275 1816 350 1863 non
368 1793 521 1866 credunt
542 1795 711 1895 operibus
730 1795 875 1868 salutes.
902 1797 1008 1870 Tunc
1029 1799 1179 1899 qnidam
1195 1801 1261 1876 edc-

192 1903 405 2005 phantiosus
433 1917 577 2012 aspectu
607 1913 715 1988 nimis
741 1911 947 2005 horribilis,
971 1912 1144 1992 scabroso
1164 1918 1261 1992 vultu

192 2040 231 2099 et
246 2052 334 2103 voce
351 2032 554 2105 raucissima
564 2086 575 2123 ,
585 2031 737 2132 jubente
748 2033 934 2132 apostolo,
951 2034 1184 2110 introductus
1197 2052 1258 2113 cst

191 2145 308 2222 Porro
326 2149 364 2221 in
378 2175 461 2224 eum
479 2148 661 2250 apostolus
678 2150 851 2250 aspiciens
869 2149 992 2245 flevit,
1010 2165 1047 2226 et
1067 2152 1151 2226 fixis
1167 2154 1262 2257 geni·

190 2265 260 2340 bus
292 2266 491 2341 diutissime
519 2268 662 2356 oravit,
696 2267 800 2368 eique
831 2265 1014 2342 dexteram
1047 2269 1259 2370 imponens,

189 2384 307 2456 Deum
324 2382 535 2482 suppliciter
551 2383 746 2459 invocavit.
764 2383 903 2457 Deinde
918 2408 1011 2483 puer
1025 2385 1176 2486 quidam
1191 2384 1262 2460 sul-

190 2499 276 2600 gido
292 2515 436 2600 aspectu
448 2501 634 2600 apparuit,
650 2501 866 2600 leprosuma
881 2518 984 2601 parte
1000 2503 1126 2604 anguli
1139 2504 1262 2578 sensti

192 2618 297 2708 tulit,
322 2617 480 2692 vestibus
504 2618 576 2690 suis
600 2618 721 2707 exuit,
742 2618 844 2693 corio
860 2644 1008 2720 quoque
1023 2620 1125 2721 quasi
1143 2620 1262 2694 tunic·

189 2735 371 2837 corporali
388 2736 576 2837 spoliavit,
593 2736 685 2808 sicut
701 2736 764 2836 qui
783 2738 943 2811 excoriat
961 2737 1140 2828 vitulum,
1159 2752 1197 2811 ct
1212 2762 1263 2812 tc·

190 2855 333 2930 vocavit
350 2881 433 2928 eum
450 2853 494 2926 nd
514 2852 732 2952 apostolum.
757 2853 822 2926 llte
838 2878 925 2928 vero
946 2855 1165 2955 consignans
1181 2880 1262 2927 eum

188 2971 292 3071 signo
319 2970 435 3042 crucis
459 2967 673 3068 baptizavit,
703 2968 877 3066 novisque
908 2983 945 3041 et
974 2965 1135 3041 candidis
1162 2965 1260 3042 indui

188 3088 411 3163 vestimentis
425 3087 525 3160 fecit.
545 3087 632 3160 Haec
646 3084 770 3158 videns
784 3085 962 3185 populus,
981 3084 1098 3159 Deum
1117 3084 1260 3186 magni-

188 3207 329 3295 ficavit,
348 3220 386 3281 ct
401 3206 523 3308 regina
540 3202 646 3302 pedes
669 3205 743 3303 ejus
760 3201 923 3276 osculans
938 3200 1112 3302 bnptiznri
1131 3217 1261 3301 postu·

187 3326 288 3399 invit.
308 3327 414 3398 Tunc
430 3323 634 3422 apostolus,
658 3322 743 3422 quia
760 3338 900 3419 tempus
915 3319 1095 3422 migrandi
1113 3319 1158 3394 de
1175 3345 1256 3394 oon-

184 3469 276 3543 porc
287 3442 496 3543 proximum
514 3468 587 3515 csse
597 3439 779 3540 praescivit
787 3492 798 3528 ,
813 3439 974 3539 reginam
988 3464 1073 3511 cum
1087 3435 1258 3512 omnibus

185 3561 250 3661 qui
269 3558 318 3632 ibi
337 3559 484 3633 oderant
500 3557 708 3658 baptizavit.

235 3679 387 3751 Reverso
408 3675 531 3776 regina
543 3728 554 3764 ,
580 3700 702 3774 regem
719 3672 763 3746 de
788 3671 858 3746 fide
879 3671 1128 3761 commonuit,
1151 3698 1257 3774 seque

186 3792 419 3866 christianam
437 3806 648 3867 constanter
665 3788 837 3864 ostendit.
861 3790 968 3861 Tunc
989 3813 1054 3862 cor
1072 3782 1167 3889 regis
1194 3815 1255 3863 ex·

185 3913 304 4011 pavit,
323 3927 359 3984 et
376 3912 485 3983 iratus
503 3925 631 3983 contin
647 3909 824 3981 Carisium
841 3907 1033 3980 clamavit:
1057 3907 1154 3983 Cum
1176 3924 1253 3983 stn-

184 4030 254 4101 ‹leo
283 4055 494 4127 recuperare
520 4027 586 4098 tibi
614 4053 764 4099 uxorem
791 4042 893 4097 tuom
901 4080 914 4112 ,
940 4023 1096 4125 perdidi
1122 4050 1248 4098 meam.

184 4149 284 4223 Nom
304 4147 453 4246 Tteptia
463 4147 576 4247 pejor
578 4143 697 4246 factet
707 4163 759 4224 cst
780 4144 887 4236 milti,
916 4169 1027 4244 qnam
1045 4144 1249 4244 Mrgdom'a
