2894 4958
573 110 690 174 IaIBIIII
711 109 868 175 tumus.
1216 121 1257 184 96

187 233 256 325 sis,
269 245 307 306 et
318 230 500 332 trilinguis
511 229 773 335 Hieronymus3
789 228 884 305 Iberi
900 254 1048 333 quoque
1061 231 1232 336 sophistae
1239 293 1252 330 ,

186 349 337 424 Orosius
357 364 395 424 et
417 349 632 450 Hispalensis
649 349 826 438 Isidorus,
850 348 983 450 aliique
1000 351 1122 451 plures
1140 356 1255 433 multa

185 466 409 565 scripserunt
431 464 475 538 de
496 466 614 537 saeculi
640 463 865 553 excursibus,
888 467 1140 569 praecipueque
1158 474 1255 572 apud

186 609 255 658 nos
272 583 366 656 Beda
381 580 572 682 presbyter
589 582 626 653 in
654 579 750 653 libro
772 579 817 654 de
840 581 1064 681 temporibus
1085 584 1162 684 (1),
1188 590 1253 688 qui

185 717 390 806 postremus
404 699 571 773 omnium
583 697 744 796 Anglicee
760 696 860 797 genti
878 698 1039 798 scripsit,
1059 701 1255 804 stilumque

184 819 391 919 priscorum
405 816 580 890 veraciter
595 814 765 914 prosequi
784 815 935 887 studuit.

235 935 377 1010 XXIII.
394 930 560 1007 Tiberius
570 932 754 1006 Octaviani
766 930 916 1033 Augusti
927 933 1128 1034 privignus,
1140 936 1255 1012 Libiae

184 1051 310 1126 uxoris
321 1054 446 1150 ejusex
455 1050 578 1149 priore
590 1050 721 1125 marito
733 1046 841 1139 filius,
854 1053 1133 1152 regnavitannis
1147 1080 1251 1130 xxm.

184 1170 300 1268 Hujus
320 1194 419 1242 anno
435 1185 504 1240 x11⁰
522 1168 655 1241 Pilatus
675 1167 810 1242 Judaeae
827 1183 1043 1267 procurator
1059 1168 1105 1242 ab
1129 1173 1255 1248 codem

184 1287 370 1388 dirigitur.
387 1284 545 1359 Herodes
562 1284 758 1374 tetrarcha,
778 1312 861 1358 cum
881 1285 1092 1361 Judaeorum
1114 1290 1256 1388 princi·

184 1418 312 1504 petum
320 1417 458 1477 teneret
466 1403 571 1474 annis
582 1426 685 1490 xxiv,
702 1402 739 1474 in
754 1401 933 1476 honorem
943 1401 1081 1477 Tiberii
1094 1420 1130 1478 et
1140 1405 1256 1482 Libiae

184 1521 313 1594 matris
326 1523 399 1619 ejus
413 1517 642 1593 Tiberiadem
660 1518 824 1594 condidit
841 1536 877 1594 et
892 1519 1107 1621 Libiadem(
1130 1523 1160 1620 )

233 1635 346 1711 Auno
369 1623 664 1736 quintodecimo
687 1635 829 1734 imperii
854 1635 992 1710 Tiberii
1011 1638 1159 1710 Gesseris
1176 1640 1257 1714 Do·-

184 1754 307 1828 minus
321 1754 423 1828 Iesus
436 1770 520 1853 post
534 1752 775 1852 baptismum,
790 1779 901 1854 quem
915 1754 1071 1828 Ioannes
1083 1755 1257 1854 praedica-

184 1872 256 1961 rit,
276 1869 416 1944 mundo
428 1895 583 1970 regnum
599 1869 781 1942 coelorum
797 1871 1047 1961 annuntiavit,
1063 1874 1218 1970 peractis
1233 1899 1254 1947 a

184 1987 313 2062 mundi
332 1987 514 2087 principio
534 1985 731 2060 secundum
753 1983 924 2060 Hebraeos
941 1987 1064 2078 annis,
1083 2005 1126 2060 ut
1143 1989 1257 2064 Euse-

184 2104 267 2179 bius
285 2105 324 2178 in
342 2103 531 2178 Chronicis
547 2105 620 2176 suis
636 2104 771 2205 signat,
791 2128 828 2178 ιν
846 2102 1028 2196 millibus,
1044 2106 1255 2183 annotando

185 2220 285 2322 quod
322 2231 403 2295 xv1⁰
433 2245 532 2293 anno
562 2217 700 2292 Tiberii
731 2219 951 2319 principium
985 2220 1096 2294 fuerit
1130 2221 1253 2296 urxxr

182 2338 323 2439 jubilaei
344 2337 542 2413 secundum
564 2337 758 2429 Hebraeos,
780 2340 882 2436 juxta
907 2335 1086 2411 Chronica
1104 2340 1251 2432 eadem,

218 2636 258 2706 (a)
277 2634 318 2690 Ce
335 2634 405 2688 n’est
423 2633 502 2706 point
520 2631 658 2704 l’ouvrage
671 2631 707 2686 de
719 2630 792 2685 Bede
806 2654 812 2684 ι
828 2631 872 2685 De
888 2632 1085 2702 Temporibus,
1106 2634 1176 2687 mais
1187 2634 1254 2690 hieu

186 2723 257 2780 cetui
269 2725 320 2798 qui
332 2743 348 2777 a
360 2741 432 2797 pour
441 2724 524 2777 titre:
540 2723 584 2777 De
598 2740 649 2776 sex
662 2720 807 2776 Etutibus
818 2719 933 2788 Mundi,
948 2739 1003 2794 que
1014 2730 1095 2776 notre
1108 2732 1208 2777 auteur
1221 2743 1254 2779 va

185 2815 278 2869 auirre
296 2813 323 2868 Ie
343 2813 406 2886 pIus
423 2821 538 2868 souveut
551 2811 748 2867 litteralement
766 2810 834 2865 dens
853 2810 878 2864 Ia
894 2810 957 2884 plus
976 2811 1080 2884 grande
1096 2813 1185 2886 partie
1204 2813 1254 2869 des

185 2914 266 2959 notes
288 2903 457 2976 historiques
474 2912 503 2956 et
523 2901 756 2975 chronologiques
772 2901 821 2975 qui
843 2910 1012 2974 occeperunt
1029 2900 1056 2956 le
1074 2911 1146 2956 reste
1164 2901 1200 2958 de
1222 2923 1256 2959 ce

184 2993 264 3049 livre.

220 3085 261 3156 (a)
278 3083 334 3140 Sur
348 3082 375 3138 la
390 3081 477 3137 dureo
492 3081 531 3136 du
547 3083 634 3155 regne
651 3080 687 3138 de
706 3080 823 3149 Tibere,
842 3098 924 3154 voyez
942 3079 1080 3135 ci-dessus
1098 3080 1124 3135 Ia
1141 3095 1207 3140 note
1228 3103 1254 3154 ι,

186 3191 258 3247 page
277 3189 317 3227 ια.
336 3170 425 3226 Pilate
440 3182 482 3226 est
496 3189 568 3226 veuu
586 3187 740 3244 gouverner
755 3170 782 3224 la
798 3168 887 3226 Judee
903 3188 938 3224 eu
955 3169 1062 3225 l’anuee
1072 3169 1108 3225 26
1119 3188 1157 3226 ou
1170 3190 1204 3248 27
1218 3174 1254 3230 de

186 3259 394 3328 Jeme-Christ,
408 3260 501 3333 ecqui
519 3259 626 3333 repoud
639 3258 704 3314 bien
722 3261 738 3314 a
757 3258 782 3313 la
799 3257 943 3314 douzieme
955 3261 1042 3313 eunde
1058 3258 1094 3314 de
1113 3278 1145 3316 ce
1157 3263 1256 3335 prince
1336 3329 1339 3335 ,

187 3354 235 3427 (¹9
244 3351 312 3407 aoist
324 3349 430 3425 uti-27).
443 3351 481 3404 la
496 3350 639 3406 teudotion
657 3349 692 3404 de
708 3347 858 3405 Tiberiade
869 3348 959 3424 paraIt
971 3349 1031 3403 etue
1046 3347 1082 3404 de
1100 3349 1154 3405 I'an
1176 3371 1206 3426 ¹7
1218 3353 1254 3408 de

186 3439 394 3507 senscrunt,
409 3437 620 3512 quinerepone
632 3455 681 3513 pas
694 3440 710 3492 t
726 3436 753 3491 Ia
764 3436 1026 3510 viugt-qoatritme,
1042 3437 1111 3492 mais
1124 3441 1140 3492 t
1151 3438 1177 3492 la
1190 3439 1254 3496 dix-

188 3526 812 3600 meviemeouvingtitmed’flemdesntipes.
822 3525 1056 3599 lavilleappelee,
1065 3527 1255 3585 eul’houueur

189 3616 224 3672 de
236 3617 330 3683 Livie,
350 3616 440 3671 tantist
451 3615 577 3686 libiade,
592 3614 682 3670 tantdt
699 3613 808 3669 Iuliade
821 3615 911 3686 (Lirie
927 3613 1085 3670 elle-meme
1102 3628 1183 3690 ayunt
1196 3619 1256 3692 pris

189 3704 216 3760 le
227 3723 295 3761 nom
313 3703 349 3760 de
358 3705 445 3773 Iulia,
459 3707 540 3778 apres
555 3704 655 3780 qu'elle
665 3713 714 3759 eut
726 3707 770 3760 ete
786 3704 902 3778 adoptee
920 3724 970 3778 par
986 3707 1112 3779 Anguste
1124 3706 1192 3762 dans
1204 3727 1255 3764 sou

190 3795 373 3863 mutent),
396 3794 507 3850 existait
528 3793 590 3866 dejt
612 3811 676 3849 sous
698 3792 725 3849 Ie
746 3811 812 3850 nom
833 3792 869 3849 de
890 3793 1080 3851 Beth-Harum
1105 3814 1142 3852 ou
1168 3797 1255 3852 Beth-

193 3881 341 3956 Rampbta.
