2894 4958
191 430 251 491 aas
466 426 649 489 nisinun
670 425 974 488 ncctnsusncn.
1012 395 1015 399 ’

190 546 408 623 mans-dixit
430 574 438 615 :
464 547 642 651 Apostole
663 546 951 636 Bartholomaee,
978 548 1180 621 incendunt
1202 574 1256 621 mc

191 665 372 739 orationes
393 679 477 738 tuoe.
497 662 691 764 Apostolus
708 677 827 735 autcm
844 659 936 735 dixit
954 662 987 738 ei
1001 692 1019 734 ·:
1043 661 1255 739 obmutesco

190 798 224 855 ct
245 782 309 855 cxi
328 779 377 853 ab
394 806 450 853 eo.
475 780 525 852 Et
541 781 662 852 statim
684 776 854 852 liberatus
875 793 929 853 est
950 778 1082 875 homo,
1103 782 1171 882 qui
1192 806 1254 882 per

189 897 324 970 multos
338 921 452 970 annos
464 894 631 996 fatigatus
642 894 760 968 fuerat
775 893 891 969 abeo.

238 1017 375 1089 lloc·ut
386 1013 565 1088 Polemius
577 1013 631 1111 (ι)
645 1013 801 1111 ejusdem
813 1014 1011 1113 provincias
1022 1039 1090 1088 rex
1105 1013 1249 1104 audivit,

188 1133 329 1207 adeum
343 1131 463 1220 misit,
478 1155 608 1230 rogans
623 1145 665 1201 ut
682 1144 823 1202 sanaret
837 1127 948 1202 filiam
959 1152 1083 1218 suam,
1101 1146 1186 1230 quie
1199 1129 1251 1203 lu-

189 1250 304 1322 natica
321 1263 414 1335 erat,
439 1261 476 1319 ct
490 1272 616 1321 omnes
638 1271 731 1347 quos
754 1260 876 1319 tencre
896 1259 1041 1345 poterat
1056 1270 1184 1319 morsu
1197 1259 1249 1318 at·

188 1365 381 1450 tractabat,
397 1380 459 1437 aut
472 1362 656 1437 scindebat
672 1380 709 1438 et
725 1361 899 1439 caedebat.
913 1364 1123 1464 Exsul-gens
1138 1365 1248 1464 itaque

187 1483 369 1584 apostolus
381 1507 465 1555 cum
481 1482 615 1556 nuntio
631 1481 725 1581 regis
738 1480 914 1579 perrexit,
933 1495 970 1553 et
986 1479 1147 1579 puellam
1158 1495 1248 1554 catc-

186 1599 242 1672 nis
267 1596 428 1671 strictam
443 1597 533 1670 solvi
555 1597 742 1697 praecepit.
760 1597 894 1685 Porio,
920 1594 1167 1670 metuentibus
1183 1597 1247 1669 mi·

186 1715 310 1788 nistris
337 1714 382 1787 ad
408 1739 487 1786 eam
511 1713 696 1802 accedere,
725 1712 818 1785 dixit
844 1710 1056 1812 apostolus:
1080 1712 1127 1788 V
1120 1716 1246 1786 circium

185 1849 285 1906 teneo
310 1832 496 1906 inimicum
518 1834 677 1932 quierat
696 1832 734 1904 in
758 1832 855 1932 ipsa.
881 1832 937 1903 Ite
958 1847 992 1903 ct
1011 1857 1097 1904 earn
1113 1830 1244 1916 solvito

186 1949 312 2025 lavate,
322 1965 356 2021 et
373 1947 525 2048 rqicitc,
545 1964 580 2020 et
595 1949 759 2021 crastina
778 1946 840 2020 dic
856 1974 964 2020 mane
981 1946 1037 2020 ad
1050 1974 1110 2020 mc
1129 1948 1244 2020 addu-

186 2069 267 2138 cite.
292 2064 430 2139 Euntes
454 2064 621 2138 lecerunt
644 2063 743 2164 quod
760 2064 942 2164 apostolus
959 2065 1087 2162 jussit,
1106 2089 1243 2166 eamque

183 2182 328 2256 daemon
354 2182 449 2255 ultra
476 2208 604 2256 vexare
628 2207 705 2255 non
726 2183 861 2283 potuit.
881 2183 986 2255 Tunc
1009 2208 1075 2256 rex
1091 2183 1243 2258 oneravit

185 2298 338 2373 camelos
349 2324 438 2372 auro
453 2313 490 2373 et
501 2313 672 2398 argento,
692 2299 842 2399 gemmis
854 2324 895 2370 ac
908 2295 1085 2389 vestibus,
1100 2313 1139 2372 et
1153 2324 1241 2400 qua·

185 2415 269 2486 sivit
280 2414 486 2514 apostolum
492 2443 504 2503 ;
522 2413 583 2489 sed
595 2441 639 2489 eo
652 2440 727 2488 non
747 2416 915 2504 invento,
930 2431 1060 2489 cuncta
1072 2429 1239 2516 reportata

184 2548 270 2605 sunt
282 2530 326 2604 ad
338 2531 521 2631 palatium.

233 2648 398 2750 Cumque
413 2649 594 2749 sequentis
612 2648 682 2723 diei
699 2674 828 2722 aurora
846 2650 1039 2750 inciperet,
1066 2666 1103 2724 et
1126 2676 1190 2723 rex
1210 2650 1238 2720 in

140 2793 143 2798 ’
185 2764 353 2840 cubiculo
379 2765 499 2839 clauso
527 2781 636 2853 esset,
665 2766 847 2867 apostolus
877 2768 908 2840 ei
939 2766 1034 2840 solus
1063 2768 1237 2866 appamit,

186 2885 374 2984 ipsumque
387 2910 469 2958 vera
481 2883 550 2957 fide
563 2899 600 2957 et
610 2884 755 2956 salutari
769 2884 936 2958 doctrina
950 2886 1138 2957 instruxit.
1162 2884 1238 2957 Nan

187 2999 472 3073 incarnationem
487 2997 598 3075 Verbi
616 3000 683 3073 Dei
700 3025 744 3072 ex
762 3001 972 3073 intemerata
986 3001 1129 3100 virgine
1141 2998 1237 3074 Maria

186 3117 343 3190 seriatim
367 3116 515 3204 retulit,
545 3115 811 3217 trimodamque
838 3118 1103 3206 tentationem,
1132 3118 1238 3218 tripli-

188 3259 335 3333 cemque
351 3235 540 3306 victoriam
555 3233 748 3334 diligenter
762 3235 974 3308 enucleavit.

236 3349 415 3422 Polemios
431 3376 496 3423 rex
511 3351 716 3449 apostolicae
733 3351 981 3451 praedicationi
999 3354 1238 3454 acquievit,et

189 3466 376 3568 pontifices
394 3465 574 3540 idolorum
589 3469 838 3539 incrastinum
855 3466 1052 3542 sacrificare
1071 3495 1115 3542 ex
1134 3470 1238 3543 indus

189 3587 258 3657 tria
274 3584 459 3682 pracepit.
477 3585 563 3683 lpsis
578 3599 698 3658 autem
717 3585 834 3683 prima
853 3584 922 3658 diei
939 3584 1027 3658 hora
1047 3585 1238 3659 sacrificari·

190 3700 286 3774 tibus
310 3699 453 3772 daemon
476 3699 618 3772 locutus
635 3716 709 3791 est,
727 3716 764 3775 et
779 3702 984 3776 vexationes
1001 3710 1102 3791 suas,
1122 3700 1238 3804 quibus

187 3817 232 3888 ab
248 3816 380 3918 angelis
393 3813 643 3914 torquebatur,
659 3833 875 3917 conquestus
890 3833 955 3890 est.
974 3817 1155 3916 Apostolo
1167 3840 1238 3920 quo

223 4108 261 4176 (ι)
280 4105 354 4159 Dans
365 4104 392 4158 lc
408 4105 472 4158 faux
483 4103 598 4167 Abdias,
617 4124 647 4159 cc
657 4107 753 4179 prince
765 4118 807 4162 est
822 4106 920 4180 appeld
932 4107 1096 4181 Polymius,
1110 4120 1141 4166 et
1150 4108 1177 4165 lc
1187 4124 1235 4183 ptr·

189 4210 308 4267 sonnage
323 4190 471 4265 pricedent
485 4191 640 4248 Pseustius.
