2916 4958
142 472 145 481 ,
266 409 326 472 300
538 407 722 469 HISTORIA
736 407 1049 470 Eccmtslssrlct.

265 525 460 605 Jerusalem
479 523 887 624 praedicarethristum
901 528 964 601 Dei
985 527 1100 600 filium
1109 581 1121 615 ,
1140 527 1185 602 de
1199 528 1330 628 templo

267 667 287 713 a
310 639 442 720 Judaeis
466 640 786 739 praecipitatusest
808 657 844 717 et
867 641 1063 741 lapidatus,
1092 638 1217 743 ibique
1234 645 1333 742 juxta

269 757 444 856 templum
460 758 531 831 kal.
552 758 636 830 maii
653 758 843 858 sepultus(
867 759 897 857 )

315 874 533 974 Hegesippus
547 875 622 974 (2),
636 875 841 948 virsanctus
852 889 889 950 et
900 874 1075 965 cruditus,
1087 875 1335 975 apostolorum

267 990 491 1090 temporibus
511 992 680 1080 vicinus,
692 991 729 1065 in
745 992 875 1093 quinto
892 994 1238 1068 commentariorum
1256 1019 1336 1068 suo·

267 1136 350 1184 rum
373 1109 470 1184 libro
484 1108 608 1184 Jacobi
624 1110 716 1182 Justi
741 1110 929 1200 meminit,
951 1137 1102 1184 narrans
1121 1111 1223 1213 quod
1240 1126 1337 1210 post-

268 1251 378 1326 quam
402 1228 525 1301 Festus
549 1252 678 1327 praeses
697 1227 824 1301 Felicis
851 1253 1032 1303 successor
1059 1231 1155 1329 apud
1177 1226 1338 1302 Judaeam

268 1343 384 1436 obiit,
414 1360 451 1419 et
476 1346 832 1445 provinciarectore
858 1373 899 1420 ac
927 1348 1115 1448 principe,
1143 1365 1339 1448 antequam

267 1460 421 1535 Albinus
448 1461 672 1552 succederet,
702 1463 839 1553 caruit,
867 1463 1022 1538 Jacobus
1052 1463 1165 1537 frater
1189 1463 1338 1537 Domini

268 1581 440 1654 saevitiam
466 1578 678 1654 Judaeorum
703 1606 823 1680 passus
845 1581 890 1654 ad
914 1581 1114 1655 Dominum
1139 1579 1337 1654 transierit.

269 1697 336 1770 Hic
360 1724 403 1771 ex
422 1698 677 1774 ,uteromatris
699 1714 842 1771 sanctus
864 1697 954 1788 fuit,
979 1700 1107 1772 vinum
1129 1714 1167 1772 et
1191 1698 1341 1771 siceram

269 1839 345 1888 non
358 1812 471 1905 bibit,
485 1841 605 1916 neque
614 1813 745 1888 animal
758 1815 1000 1889 manducavit.
1015 1817 1170 1890 Ferrum
1182 1816 1221 1889 in
1235 1829 1340 1915 caput

270 1935 344 2024 eius
365 1958 442 2006 non
463 1933 642 2020 ascendit,
670 1933 751 2006 oleo
776 1959 852 2007 non
879 1951 932 2007 est
956 1949 1174 2033 perunctus,
1204 1930 1340 2007 balneis

270 2072 346 2122 non
373 2064 426 2122 est
449 2075 545 2121 usus.
573 2053 694 2132 laneo
719 2073 796 2123 non
823 2047 992 2123 utebatur
1019 2048 1257 2138 indumento,
1284 2045 1341 2122 sed

269 2178 412 2239 tantum
429 2163 591 2240 sindone.
613 2164 717 2239 Solus
736 2163 1005 2266 ingrediebatur
1021 2165 1199 2265 templum
1208 2218 1220 2254 ,
1236 2179 1275 2238 et
1285 2167 1340 2264 ja·

272 2280 374 2355 nebat
392 2308 499 2380 super
515 2309 629 2384 genua
647 2309 727 2372 sua,
746 2308 854 2357 orans
871 2308 940 2382 pro
955 2282 1081 2383 populi
1099 2282 1340 2383 indulgentia,

272 2399 392 2476 itam
423 2399 531 2474 callos
560 2401 596 2472 in
625 2400 777 2501 genibus
807 2401 844 2473 in
875 2401 1036 2475 modum·
1056 2399 1182 2474 cameli
1210 2397 1343 2472 faceret

273 2514 425 2604 orando,
443 2543 558 2616 genua
576 2543 717 2616 semper
733 2517 926 2607 flectendo,
942 2545 1009 2592 nec
1025 2542 1188 2618 unquam
1203 2514 1252 2588 ab
1263 2541 1343 2591 ora·

274 2633 374 2711 tione
387 2632 720 2735 vcessando..ltaque
743 2661 813 2735 pro
836 2633 1037 2709 incredibili
1063 2632 1290 2709 continentia
1309 2647 1344 2705 et

273 2777 411 2825 summa
424 2751 583 2851 justitia,
602 2752 798 2853 appellatus
814 2768 869 2827 est
882 2754 1004 2826 Justus
1024 2767 1068 2826 et
1082 2750 1202 2826 oblias
1225 2747 1343 2850 (quod

273 2869 531 2942 mortimentum
543 2869 683 2971 populi
701 2869 989 2968 interpretatur).

324 2982 478 3077 Quidam
493 2983 538 3059 de
553 2999 694 3083 septem·
704 2982 898 3058 baeresibus
910 2985 931 3056 J
933 2984 1120 3071 udaeorum
1138 2983 1344 3081 interroga-

272 3100 363 3174 bant
379 3127 462 3177 eum
482 3099 589 3201 quod⁴
600 3117 691 3176 esset
707 3102 841 3176 ostium
859 3104 942 3176 Jesu
963 3103 1035 3201 (ὅ)
1054 3102 1107 3175 At
1128 3101 1189 3175 ille
1204 3096 1344 3174 dicebat

309 3380 348 3449 (1)
366 3378 445 3434 Suint
460 3378 577 3452 Jacques
595 3376 622 3432 le
639 3377 751 3432 Mineur
768 3375 812 3432 fut
828 3376 932 3450 charge
950 3395 1000 3449 par
1016 3374 1056 3431 les
1072 3385 1166 3431 autres
1182 3374 1293 3450 apbtres
1308 3372 1344 3428 du

276 3478 493 3542 gouvernement
504 3467 541 3523 de
552 3465 658 3541 l’eglise
669 3466 705 3522 de
716 3465 1033 3540 Jerusalemqualques
1047 3465 1118 3521 mois
1129 3465 1209 3539 apres
1226 3463 1344 3520 l'Asoen·

275 3559 345 3614 sion.
359 3559 383 3615 11
394 3559 502 3615 souffrit
511 3558 539 3615 le
548 3570 670 3639 martyre
679 3577 730 3632 par
739 3558 841 3614 l'ordre
849 3557 888 3613 du
899 3556 1096 3630 grand-preme
1107 3557 1245 3624 Ananias,
1256 3573 1291 3611 en
1299 3554 1345 3620 62,

276 3665 337 3701 vers
349 3647 471 3721 Piques,
487 3657 515 3704 et
528 3666 578 3720 par
588 3649 758 3722 consequent
769 3645 837 3701 dans
849 3644 876 3700 la
888 3644 1025 3700 huitieme
1034 3645 1122 3700 annes
1134 3643 1170 3699 de
1183 3643 1289 3698 Neron.

311 3738 350 3809 (α)
367 3737 540 3811 Hegesippe,
555 3737 582 3792 le
594 3736 657 3810 plus
668 3737 765 3792 ancien
775 3735 824 3790 des
835 3735 986 3790 historiens
999 3732 1035 3788 de
1046 3723 1172 3807 l'Egliss,
1187 3732 1258 3787 etait
1269 3732 1304 3785 ne
1315 3747 1347 3784 au

277 3838 515 3884 commencement
526 3826 565 3882 du
580 3836 611 3881 ne
625 3825 720 3894 siecle,
734 3836 762 3882 et
773 3835 889 3881 mourut
902 3842 962 3879 vers
979 3823 1038 3880 180.
1058 3821 1083 3877 11
1097 3840 1132 3877 ne
1146 3831 1220 3876 reste
1236 3838 1292 3894 que
1303 3817 1348 3874 des

275 3920 430 3992 fragments
453 3917 489 3973 de
514 3935 564 3972 son
586 3917 710 3975 Histoire
733 3917 948 3988 ecclesiastiquc.
975 3914 1056 3970 Cette
1081 3910 1199 3985 legende
1220 3910 1257 3966 de
1282 3910 1350 3964 saint

276 4012 395 4083 Jacques
407 4008 434 4062 le
452 4009 564 4063 Mineur
576 4027 612 4063 en
628 4018 669 4063 cst
686 4025 721 4062 en
739 4005 803 4063 effet
819 4007 944 4062 extruite.
964 4004 1075 4075 (Voyez
1093 4000 1214 4069 Busche,
1231 4000 1351 4055 Histoire

275 4099 497 4170 rcclc'siastique‚
515 4115 547 4162 n,
563 4095 612 4162 «ιδ,
627 4107 655 4151 et
670 4115 707 4166 iv,
720 4099 777 4168 22.)

307 4185 345 4258 (5)
364 4188 419 4244 Par
433 4204 476 4241 ces
495 4184 602 4259 paroles
623 4204 694 4243 assez
710 4187 853 4257 obscures,
870 4202 906 4240 on
923 4182 982 4240 doit
999 4180 1134 4239 cutendre
1151 4198 1206 4254 quc
1223 4178 1263 4236 les
1279 4174 1349 4233 Juits
