2894 4958
491 404 496 438 ¹
522 397 638 461 LIBER
659 396 869 458 SECUNDUS.
1173 400 1234 461 289

166 520 362 597 immobilis
382 534 423 591 ut
438 544 545 592 mons
560 519 686 592 firmus
704 534 741 592 et
756 515 933 604 excelsus,
956 527 999 587 11⁰
1016 541 1129 590 nonas
1146 519 1229 590 maii

166 643 261 738 jussu
276 638 424 710 Gaesaris
441 638 479 709 in
495 635 669 710 ferventis
684 636 754 710 olei
775 634 916 708 dolium
933 649 986 708 est
1002 636 1148 708 missus*
1163 637 1232 711 Sed

166 756 287 831 divina
304 782 341 830 se
353 770 565 855 protegente
578 755 691 854 gratia
709 738 820 828 exivit
839 752 990 841 illaesus,
1009 755 1159 855 ipsoque
1175 754 1234 828 die

166 900 232 975 per
248 873 539 974 singulosannos
560 872 684 946 festiva
707 875 782 973 ejus
802 871 1121 946 memoria'devote
1144 873 1235 946 cele-

166 989 326 1063 bratura
341 988 515 1063 fidelihus.
532 988 620 1062 lude
633 1015 716 1061 enm
728 988 837 1061 exilio
852 987 889 1060 in
900 987 1067 1062 Pathmos
1080 988 1235 1061 insulam

166 1120 388 1206 portaretur,
422 1105 496 1178 illic
524 1103 569 1176 ah
599 1103 725 1178 eodem
754 1103 988 1206 Apocalypsis
1019 1119 1236 1204 praeostensa

166 1215 398 1311 describitur,
426 1223 463 1295 in
489 1249 559 1323 qua
577 1221 858 1322 septempliciter
874 1221 1043 1294 Ecclesiae
1065 1236 1176 1294 status
1200 1237 1237 1294 et

167 1341 262 1416 ordo
279 1339 587 1428 demonstrantur,
608 1341 772 1440 ingentes
793 1339 900 1412 etiam
923 1365 1099 1438 pressurae
1117 1336 1237 1411 trihu-

167 1456 348 1530 lationum
364 1473 401 1531 et
417 1454 674 1529 retributiones
691 1454 908 1527 meritorum
927 1455 943 1552 (
969 1454 998 1553 ).

216 1573 383 1671 Denique
394 1588 612 1672 procurante
623 1573 720 1659 Deo,
735 1571 796 1672 qui
811 1566 939 1643 cuncta
949 1571 1234 1673 juste‘disponit,

166 1687 419 1761 Domitianum
435 1688 560 1761 eodem
577 1713 692 1776 anno,
712 1712 787 1786 quo
802 1687 957 1759 loannes
979 1687 1152 1776 exulavit,
1172 1715 1238 1763 ro-

167 1829 298 1876 manus
308 1819 450 1877 senatus
464 1829 532 1902 pro
543 1802 701 1876 cruentis
713 1797 851 1899 astibus
863 1802 934 1873 suis
943 1801 1090 1874 occidit.
1101 1803 1240 1878 Deinde

167 1920 325 2022 generali
344 1919 512 1994 consultu
527 1918 690 1992 definivit
707 1934 747 1990 ut
765 1935 961 1991 cassaretur
974 1919 1148 2021 quicquid
1164 1921 1240 1996 Do-

167 2039 340 2112 mitianus
373 2039 451 2111 fieri
483 2031 623 2111 voluit}
644 2037 794 2109 Sanctus
829 2037 939 2137 igitur
967 2038 1123 2111 loannes
1152 2066 1240 2140 apo·

168 2154 303 2247 stolus,
320 2155 383 2255 qui
401 2179 451 2230 ex,
467 2152 654 2227 voluntate
674 2153 872 2226 Domitiani
898 2153 1105 2252 deportatus
1121 2154 1241 2229 fuerat

168 2295 254 2347 oum
269 2270 420 2369 injuria,
436 2267 480 2341 ad
492 2267 675 2369 Ephesum
688 2269 860 2342 remeavit
873 2294 957 2341 eum
971 2266 1129 2359 honore,
1144 2271 1240 2343 mul-

168 2403 366 2489 torumque
388 2387 526 2460 laetitia.
551 2386 677 2460 Omnis
698 2388 797 2460 enim
819 2385 973 2486 populus
998 2385 1239 2487 Ephesiorum

167 2503 365 2578 revertenti
387 2503 568 2592 occurrit,
587 2516 624 2575 et
637 2501 802 2574 virorum
818 2526 859 2572 ac
875 2501 1071 2573 mulierum
1086 2501 1240 2577 fideliter

168 2619 409 2695 exultantium
423 2646 492 2692 nna
510 2643 580 2691 vox
592 2619 806 2718 personuit:
823 2617 1043 2692 Benedictus
1060 2624 1126 2720 qui
1139 2625 1239 2695 venit

169 2742 209 2811 in
223 2740 371 2811 nomine
382 2739 556 2811 Domini!

216 2854 383 2956 Cumque
407 2854 562 2928 Joannes
590 2838 770 2928 civitatem
795 2854 1024 2955 egrederetur
1050 2855 1124 2953 (a),
1157 2882 1238 2929 ecce

167 2972 367 3060 Drusiana,
388 2997 469 3069 quae
487 2969 670 3043 ferventer
686 2969 838 3070 diligens
856 2997 940 3043 eum
960 2970 1082 3045 videre
1105 2972 1237 3047 deside-

167 3102 328 3175 raverat,
346 3085 513 3159 defuncta
527 3081 755 3159 efferebatur.
772 3085 899 3160 Viduae
913 3112 999 3159 vero
1017 3102 1053 3160 et
1065 3114 1237 3186 pauperes

169 3200 480 3303 comparentibus
503 3217 540 3274 et
562 3200 733 3302 orphanis
760 3203 896 3301 pariter
917 3201 1071 3293 flebant,
1102 3222 1138 3278 et
1164 3206 1239 3278 cla-

168 3335 308 3393 mantes
325 3313 516 3390 dicehant:
538 3318 675 3392 Sancte
685 3319 848 3392 Ioannes
864 3321 1031 3421 apostole
1045 3322 1139 3410 Dei,
1156 3349 1239 3395 eece

167 3437 397 3508 Drusianam
420 3435 621 3532 efferimus,
644 3461 727 3534 quae
744 3437 882 3508 ,sanetis
905 3438 1051 3508 monitis
1074 3440 1145 3509 tuis
1169 3439 1239 3511 ob-

168 3569 389 3655 temperans,
414 3579 477 3624 nos
502 3579 626 3624 omnes
654 3551 776 3623 alebat
785 3610 797 3641 ,
824 3553 976 3651 Deoque
1005 3556 1044 3624 in
1072 3559 1239 3628 castitate

202 3813 243 3881 (ι)
262 3811 300 3864 le
311 3821 431 3882 martyre
443 3810 478 3865 de
491 3811 562 3865 saint
573 3812 655 3878 leun,
670 3820 698 3864 et
709 3827 737 3864 sa
749 3809 901 3883 reltgation
914 3813 930 3864 a
943 3811 1089 3880 Pathmos,
1104 3812 1178 3870 l’une
1189 3815 1237 3871 des

167 3899 304 3974 Sporades
316 3900 384 3955 dans
396 3900 420 3954 la
432 3919 493 3953 mer
504 3888 591 3973 liges,
606 3902 643 3954 οὺ
657 3900 676 3954 il
689 3901 786 3954 ecrivit
798 3900 1010 3975 l’Apoculrpse,
1024 3906 1237 3976 appartieunent

166 3990 300 4045 'al’annee
311 3988 355 4064 95.
371 3992 408 4044 La
420 4001 494 4044 mort
505 3991 623 4045 violente
636 3990 670 4045 de
679 3991 822 4045 Domitieu
838 3992 953 4046 n’arriva
966 3994 994 4046 ui
1008 3990 1076 4048 dans
1086 3994 1111 4049 le
1121 4009 1237 4053 courant

167 4077 201 4133 de
209 4077 237 4133 la
245 4077 336 4133 meme
345 4081 440 4147 annis,
451 4080 479 4133 ni
489 4078 556 4133 daus
566 4078 726 4134 l’interualle
737 4080 805 4133 d'uu
815 4099 849 4133 au
862 4080 890 4150 (6
900 4081 953 4134 mai
963 4078 1172 4155 95-septembre
1179 4086 1234 4158 96).

201 4170 243 4238 (α)
262 4169 337 4224 Lisez
355 4195 360 4223 z
380 4170 582 4242 ingrederetur.

243 4284 268 4329 l.
727 4288 731 4297 '
1052 4290 1094 4359 19
