2894 4958
518 486 522 495 ·
542 449 657 512 LIBER
677 449 887 510 SECUNDUS.
1193 452 1249 513 341

183 568 390 656 habebant,
411 594 454 642 ex
477 567 609 668 quibus
627 566 855 668 presbyteros
875 583 911 640 et
932 565 1097 640 diacones
1123 582 1160 640 et
1181 568 1253 641 cle·

184 690 281 783 ricus
298 688 335 759 in
349 685 504 759 ecclesiis
518 684 748 759 ordinabant.

235 804 289 877 lbi
305 804 376 877 lilia
396 803 560 876 ditissimi
579 820 728 902 satrapae
749 819 920 903 corrupta
936 805 1141 903 parturiens
1153 804 1254 903 peri-

185 920 394 1011 clitabatur,
419 935 455 994 et
471 921 684 994 Eustosinus
704 919 874 995 diaconus
889 920 934 994 de
958 921 1082 994 incesti
1100 921 1254 994 crimine

186 1037 442 1138 impetebatur.
458 1040 536 1111 lloc
550 1037 732 1115 audientes
748 1037 900 1136 apostoli
912 1090 923 1126 ,
934 1040 1118 1136 jusserunt
1130 1063 1256 1137 paren·

187 1171 241 1230 tes
253 1154 437 1254 puellaeet
452 1153 641 1227 diaconem
656 1152 794 1242 adesse,
807 1169 845 1226 et
863 1152 1062 1242 infantem,
1078 1154 1141 1254 qui
1159 1158 1256 1253 ejus-

186 1270 271 1345 dem
292 1270 362 1345 diei
382 1269 469 1343 hora
484 1271 601 1368 prima
616 1286 721 1342 natus
739 1285 811 1359 est,
833 1269 980 1344 deferri.
1000 1270 1162 1372 Cumque
1181 1274 1257 1370 jus·

187 1389 317 1460 sissent
339 1385 469 1459 infanti
493 1403 534 1459 ut
558 1386 781 1486 loqueretur,
798 1386 867 1459 -ille
891 1384 1156 1461 absolutissimo
1181 1415 1257 1461 ser-

187 1529 300 1577 mone
318 1504 391 1576 ait:
407 1503 484 1575 Hic
501 1503 681 1576 diaconus
698 1504 759 1575 oir
773 1518 922 1575 sanctus
939 1520 974 1574 et
990 1519 1113 1576 castus
1130 1521 1201 1594 est,
1225 1522 1258 1576 et

188 1648 378 1722 nunquam
400 1621 603 1721 inquinavit
622 1646 769 1693 curnem
786 1646 906 1693 suam.
930 1622 1094 1721 Cumque
1113 1622 1258 1696 insiste-

188 1754 275 1813 rent
296 1753 461 1837 parentes
486 1753 528 1809 ut
547 1737 591 1810 de
613 1763 764 1836 persona
786 1737 911 1811 incesti
937 1753 1256 1842 percunctaretur,

190 1856 344 1956 apostoli
368 1855 542 1929 dixerunt
567 1886 576 1926 :
600 1854 681 1930 Nos
705 1856 912 1927 innocentes
935 1854 1118 1930 absolvere
1133 1855 1256 1946 decet,

190 1991 360 2049 nocentes
374 2002 461 2048 vero
472 1974 628 2076 prodere
642 1999 716 2046 non
736 1973 852 2046 decet.

240 2090 441 2181 Nicbaron,
456 2092 590 2163 amicus
606 2090 716 2189 regis,
730 2087 817 2161 dum
839 2089 1051 2162 exercitium
1071 2087 1157 2162 belli
1175 2116 1259 2190 age-

191 2224 309 2297 retur,
324 2207 490 2308 sagittam
506 2208 543 2279 in
561 2232 657 2306 genu
673 2205 828 2303 accepit,
843 2231 925 2305 quae
942 2205 1042 2277 nulla
1060 2207 1203 2279 ratione
1215 2232 1259 2280 ex

193 2350 272 2397 osse
287 2337 431 2422 poterat
448 2321 565 2396 evelli.
582 2323 687 2394 Tunc
704 2319 828 2394 beatus
845 2322 971 2395 Simon
986 2323 1185 2396 Dominum
1201 2323 1262 2395 Je-

194 2466 276 2512 sum
290 2438 489 2527 invocavit,
509 2455 545 2511 et
560 2465 646 2512 mox
664 2455 705 2510 ut
720 2463 868 2510 manum
885 2438 1079 2537 applicuit,
1099 2439 1263 2538 sagittam

195 2553 345 2627 abstulit
361 2572 469 2655 atque
485 2554 606 2626 statim
624 2546 735 2627 honio
751 2569 893 2627 sanatus
906 2569 978 2644 est;
996 2555 1044 2627 ita
1057 2570 1100 2626 ut
1113 2580 1180 2628 nec
1193 2555 1262 2655 sig·

195 2699 286 2745 num
302 2672 460 2745 vulneris
476 2687 664 2771 appareret
681 2672 751 2770 (1).

242 2790 334 2863 Duae
357 2788 503 2889 tigrides
527 2789 759 2864 ferocissimae
784 2788 829 2862 de
850 2789 998 2890 singulis
1020 2790 1134 2863 caveis
1156 2789 1263 2890 luge-

194 2921 305 2996 runt,
324 2921 361 2978 et
382 2905 559 3007 quidquid
577 2906 740 2979 invenire
761 2922 930 3004 poterant
953 2905 1125 2980 devorare
1142 2933 1263 3007 coepe-

195 3028 297 3097 runtss
314 3024 420 3098 Tunc
438 3026 557 3098 omnis
572 3025 728 3124 populus
745 3025 788 3097 ad
802 3024 983 3124 apostolos
1000 3025 1064 3099 Dei
1082 3025 1261 3127 confugit.

196 3138 362 3239 Apostoli
384 3166 471 3212 vero
496 3165 632 3213 nomen
652 3139 799 3212 Domini
818 3140 902 3212 Jesu
924 3140 1203 3232 invocaverunt,
1228 3157 1265 3215 et

196 3255 303 3346 lerae,
316 3283 399 3357 quae
409 3282 596 3357 nunquam
612 3282 857 3330 mansuescere
872 3274 1152 3347 consueverant,
1164 3260 1263 3359 quasi

196 3374 280 3474 agni
296 3375 402 3448 mites
418 3373 523 3448 factae
535 3389 634 3447 sunt.
651 3372 786 3446 Diebus
799 3373 975 3475 siquidem
988 3389 1126 3448 utores
1139 3375 1178 3447 in
1194 3399 1266 3448 me-

196 3490 259 3565 dio
285 3492 411 3591 populi
438 3488 736 3580 commanebant,
761 3516 906 3590 vespere
927 3516 1014 3564 vero
1038 3492 1077 3563 in
1101 3491 1264 3565 cellulam

198 3606 447 3706 apostolorum
464 3605 690 3695 remeabant;
706 3622 743 3680 et
758 3607 928 3705 apostolis
944 3606 988 3679 ad
1004 3605 1089 3679 alias
1105 3607 1265 3682 civitates

199 3723 456 3823 migrantibus,
475 3724 561 3824 ipsae
577 3720 781 3826 habitaculi
808 3749 935 3798 eorum
959 3722 1122 3798 custodes
1147 3741 1262 3798 erant.

200 3838 296 3911 Almi
320 3866 406 3939 ergo
423 3838 676 3939 proedicatores
692 3840 879 3913 materiam
903 3836 986 3913 inde
1002 3840 1265 3916 sermocinandi

235 4222 274 4291 (ι)
292 4219 333 4276 Ce
346 4219 518 4294 paragraphe
531 4221 644 4278 u’existe
657 4235 705 4294 pas
721 4217 789 4276 dans
802 4219 829 4277 lc
841 4219 905 4277 lanx
918 4216 1030 4276 Abdias.
