2894 4958
192 397 233 454 82
469 387 653 450 HISTORIA
674 386 978 450 autumamus.

192 509 388 587 secundum
408 511 559 598 Lucam,
580 508 696 582 dixit:
715 511 838 600 Pater,
859 511 898 581 in
911 525 1140 584 mancatum
1156 538 1264 585 com-

193 627 324 705 mendo
342 629 509 728 spiritum
527 653 647 700 meum
665 628 681 726 (
707 627 738 725 ).

239 744 296 819 Ad
308 761 528 831 extremum,
539 745 641 842 juxta
654 743 849 833 Joannem,
864 769 947 815 cum
960 744 1151 844 accepisset
1159 746 1262 819 Jesus

191 845 350 952 acetum)
374 861 466 935 dixit
491 890 500 932 ε
523 861 823 933 Consummatum
841 878 917 948 est;
942 878 979 934 et
1005 862 1181 937 inclinato
1198 888 1260 937 cu-

89 1002 94 1011 ·
189 981 284 1082 pite,
308 978 455 1053 tradidit
469 977 650 1079 spiritum.
666 978 716 1051 Et
731 1003 813 1052 ecce
828 977 949 1052 velum
966 979 1093 1080 templi
1111 980 1259 1053 scissum

189 1114 242 1172 est
262 1096 404 1170 induas
425 1111 544 1195 partes
565 1120 586 1166 a
608 1119 752 1169 summo
771 1121 883 1197 nsque
900 1095 1088 1186 deorsum,
1107 1113 1146 1170 'et
1162 1113 1258 1171 terra

188 1233 287 1290 mota
303 1231 375 1306 est,
392 1231 429 1288 ct
445 1230 559 1313 petrae
575 1213 691 1286 scissae
710 1230 795 1286 suut
803 1242 815 1303 3
835 1230 873 1288 et
887 1231 1123 1323 monumenta
1136 1230 1259 1313 aperta

186 1349 293 1423 sunt,
315 1348 352 1408 et
370 1332 485 1405 multa
506 1356 658 1431 corpora
676 1347 903 1422 sanctorum,
924 1332 987 1433 qui
1012 1328 1256 1425 dormierunt,

187 1464 440 1536 surrexerunt;
467 1463 505 1521 et
524 1463 694 1521 exeuntes
715 1447 759 1521 de
776 1449 1023 1522 monumentis
1039 1464 1124 1547 post
1137 1474 1260 1523 resur-

187 1564 388 1666 rectionem
399 1564 474 1661 ejus
482 1615 494 1651 ,
512 1578 692 1635 venerunt
705 1562 743 1633 in
757 1578 916 1635 sanctam
930 1563 1131 1651 civitatem,
1151 1580 1189 1642 et
1203 1590 1259 1664 ap·

186 1696 387 1780 paruerunt
397 1679 534 1753 multis.
549 1679 724 1753 Centurio
739 1692 775 1753 ct
793 1681 856 1779 qui
876 1706 961 1753 cum
978 1706 1022 1755 eo
1040 1697 1161 1772 erant,
1177 1708 1260 1756 cus·

186 1797 364 1871 todientes
376 1796 497 1869 Jesum
506 1847 517 1883 ,
535 1795 613 1869 viso
634 1810 740 1868 tcrrae
755 1811 859 1868 motu
876 1811 912 1868 et
933 1795 988 1869 his
1001 1822 1084 1897 quae
1102 1797 1257 1889 fiebant,

187 1916 390 1988 timuerunt
402 1911 521 1999 valde,
535 1911 695 1985 dicentes
712 1938 721 1980 ε
741 1912 838 1985 Vere
854 1912 978 1986 Filius
991 1914 1066 1987 Dei
1081 1930 1161 1986 erat
1176 1915 1255 1988 iste.

186 2029 240 2103 lbi
264 2029 375 2103 Maria
398 2026 627 2129 Magdalene‚
645 2041 682 2101 et
698 2027 810 2100 Maria
828 2026 951 2101 Jacobi
973 2045 1010 2103 et
1030 2028 1161 2130 Joseph
1178 2056 1260 2103 ma·

186 2165 257 2238 ter,
270 2158 434 2221 etmater
446 2144 608 2219 filiorum
619 2142 802 2236 zebedaei,
816 2146 941 2220 etaliae
953 2147 1080 2221 multae
1090 2148 1260 2221 mulieres

187 2290 208 2336 a
228 2262 337 2362 longe
355 2276 479 2350 cram,
505 2286 606 2361 quae,
624 2276 755 2335 secutas
770 2262 892 2335 Jesum
907 2288 928 2334 a
945 2263 1114 2353 Galilaea,
1134 2264 1166 2337 ei
1187 2264 1259 2336 mi-

187 2376 404 2455 nistrabant.
430 2376 582 2465 Omnes,
610 2377 673 2477 qui
699 2377 807 2450 simul
829 2377 874 2451 ad
903 2380 1146 2479 spectaculum
1172 2379 1261 2454 ade-

189 2511 291 2586 rant,
316 2492 478 2568 videntes
505 2518 587 2595 quae
616 2491 771 2584 fiebant,
799 2496 991 2572 tundentes
1019 2514 1166 2598 pectora
1196 2524 1259 2572 sua

191 2612 390 2711 redibant(
413 2613 444 2711 ).

238 2731 332 2803 Cum
346 2732 422 2829 jam
446 2753 528 2803 sero
545 2729 683 2803 factum
701 2746 810 2822 esset,
835 2729 967 2832 Joseph
993 2731 1039 2804 ab
1059 2731 1258 2807 Arimathia

190 2846 324 2922 nobilis
343 2845 513 2935 decurio,
538 2846 597 2917 vir
619 2842 738 2920 bonus
754 2863 793 2921 et
807 2851 941 2946 justus,
962 2866 1152 2949 expectans
1176 2876 1260 2951 reg·

192 2992 281 3039 num
294 2963 382 3059 Dei,
398 2963 562 3037 occultus
578 2979 698 3039 tamen
717 2982 868 3065 propter
890 2984 1029 3041 metum
1048 2967 1259 3042 Judaeorum

191 3083 275 3157 Jesu
290 3079 502 3179 discipulus,
518 3079 561 3151 ad
571 3080 726 3154 Pilatum
738 3081 905 3156 audacter
916 3084 1080 3172 accessit,
1099 3098 1136 3156 et
1152 3080 1198 3155 ab
1213 3104 1266 3158 oo

230 3454 269 3524 (ι)
286 3451 387 3506 Manu.
410 3468 505 3519 xnu,
529 3447 629 3524 45-493
652 3451 738 3507 Marc.
758 3455 806 3521 xv,
828 3450 927 3520 33-36;
951 3453 1017 3507 tue.
1041 3468 1134 3520 xxm,
1154 3448 1261 3518 ζωός

194 3543 291 3595 Joann.
304 3558 363 3607 xix,
376 3538 420 3608 28,
431 3556 475 3611 ²9·
486 3540 537 3595 les
545 3539 652 3613 paroles
661 3542 912 3616 quassus-Christ
921 3560 1062 3616 prononea
1070 3560 1118 3598 sur
1127 3540 1153 3596 la
1163 3541 1258 3597 croix:

195 3627 259 3695 Eli,
273 3628 320 3694 eli,
336 3627 605 3683 lamasabactani!
618 3631 831 3703 appartiennent
843 3649 878 3684 au
888 3630 1004 3685 dialecto
1018 3630 1261 3705 syro-chaldaique

195 3716 280 3791 qu‘on
298 3715 397 3788 parlait
410 3719 426 3770 a
437 3718 619 3774 Jerusalema
636 3730 708 3776 cettc
724 3724 841 3796 epoque.
866 3721 913 3778 On
932 3721 971 3776 les
988 3732 1085 3776 trouve
1100 3740 1136 3776 en
1152 3720 1261 3776 he'boeu

195 3807 263 3861 dans
281 3805 307 3860 le
319 3823 431 3878 pssum
443 3825 521 3877 xxii,
534 3827 560 3864 v.
584 3829 595 3864 1
614 3828 624 3864 t
642 3812 705 3880 ut,
727 3813 776 3880 eli,
798 3813 873 3866 lama
891 3811 1024 3866 ambiani
1029 3820 1038 3865 t
1055 3807 1144 3866 Notae
1162 3818 1261 3866 auteur

194 3894 283 3968 parait
309 3895 387 3950 avoir
411 3913 447 3950 eu
469 3896 627 3954 l’intention
655 3899 690 3955 de
717 3899 755 3955 les
779 3904 922 3974 precentur
946 3918 1010 3956 sous
1036 3909 1109 3955 cette
1132 3896 1262 3955 demitis

194 3985 292 4039 forme.

228 4073 267 4142 (a)
286 4071 387 4127 Matth.
400 4071 603 4143 xxrrr,5o·56;
614 4075 699 4132 Marc.
709 4095 754 4145 rr,
763 4075 845 4152 '57⁰⁴'
855 4100 863 4146 ;
874 4079 939 4134 Luc.
950 4095 1038 4145 xxm,
1049 4075 1149 4150 tii-493
1159 4077 1262 4132 Jomu.
1292 4150 1297 4159 1

196 4180 261 4229 xix,
274 4158 318 4214 30.
