2894 4958
523 440 640 500 LIBER
660 441 869 504 SECUNDUS.
1169 452 1228 511 209

165 555 357 633 audiebant
384 553 532 628 verbum
568 557 714 646 cecidit,
748 575 784 633 et
810 562 993 634 scientiam
1024 564 1228 665 linguarum

166 675 235 749 illis
258 690 407 774 repente
432 672 600 746 contulit.
630 677 755 748 Petrus
780 695 920 768 autem,
951 680 1226 782 obstupentibus

166 791 210 865 iis
235 792 302 892 qui
327 816 411 863 cum
437 815 481 863 eo
509 817 552 863 ex
579 792 850 868 circumcisione
880 812 1076 886 venerant,
1106 798 1228 899 bapti-

168 909 261 982 ravit
272 906 502 995 Cornelium,
516 923 552 980 et
563 911 758 1009 omnesqui
771 913 1175 1013 eumeocrediderant(
1199 917 1228 1014 )

180 1076 185 1091 .
216 1023 334 1112 Idem,
360 1037 552 1124 postquam
574 1022 620 1094 ab
647 1024 848 1099 illustribus
868 1027 1060 1131 neophytis
1084 1047 1230 1131 rogatus

168 1142 307 1244 aliquot
316 1139 441 1215 diebus
454 1141 623 1215 Caesareae
638 1143 785 1230 mansit,
806 1143 1027 1219 confirmatis
1044 1148 1111 1220 illis
1128 1149 1230 1223 Jeru-

170 1258 278 1333 salem
294 1255 470 1343 ascendit,
485 1272 522 1329 et
532 1255 761 1356 coapostolis
772 1260 843 1331 suis
861 1264 1133 1337 conversionem
1146 1290 1232 1363 geu·

172 1378 264 1450 tium
275 1375 464 1450 enarravit.
482 1376 588 1446 Tunc
601 1372 747 1476 quidam
759 1402 801 1449 ex
821 1378 1093 1454 circumcisione
1106 1396 1234 1454 contra

171 1491 276 1566 illurn
286 1487 552 1591 disceptabant,
565 1490 743 1564 dicentes:
763 1493 889 1590 Quare
904 1497 1060 1569 introisti
1072 1497 1126 1570 ud
1137 1500 1234 1570 uirus

166 1610 391 1710 proeputium
402 1606 589 1694 habentes,
605 1623 639 1677 et
648 1606 885 1695 manducasti
894 1635 978 1680 cum
990 1610 1094 1684 illis?
1107 1613 1235 1685 Petrus

170 1724 455 1799 autemseriatim
466 1722 653 1822 explanare
661 1723 1234 1826 coepitquomodojejunusloppe

168 1839 349 1926 oraverit,
369 1837 491 1938 ibique
508 1839 547 1910 in
569 1839 676 1911 extasi
695 1839 870 1911 visionem
890 1838 1040 1928 viderit,
1055 1867 1124 1940 qua
1138 1844 1233 1913 Deus

171 1956 224 2031 illi
251 1957 478 2031 vocationem
505 1971 541 2029 et
569 1955 841 2027 conversionem
871 1958 1034 2055 gentium
1062 1974 1233 2060 suamque

168 2072 448 2172 opitulationem
467 2070 787 2155 demonstraverit,
808 2085 845 2143 et
868 2071 1005 2171 reliqua
1031 2099 1113 2174 quae
1140 2099 1233 2147 con-

170 2191 321 2292 tigerint
340 2192 477 2261 sincera
498 2188 703 2260 narratione
720 2187 972 2261 manifestavit.
995 2190 1058 2262 llis
1083 2189 1232 2279 auditis,

168 2314 380 2392 ‚tacuerunt3
400 2320 436 2377 et
449 2304 531 2404 quia
541 2303 697 2375 fraterna
715 2302 889 2376 charitate
901 2304 1090 2378 fervebant
1096 2359 1107 2393 ,
1124 2306 1235 2379 laetati

169 2418 644 2519 sunt‚Dominumque,qui
656 2433 779 2516 gentes
791 2419 1236 2518 etiamperpoenitentiam

170 2539 300 2625 salvat,
324 2537 629 2637 glorificaverunt.
661 2534 787 2635 Cyprii
814 2560 977 2636 quoque,
1007 2553 1044 2611 et
1068 2538 1234 2638 Cyrenaei

169 2653 312 2741 lideles,
326 2652 458 2752 aliique
477 2651 539 2751 qui
556 2651 594 2722 in
611 2648 845 2722 tribulatione
857 2649 926 2724 suh
944 2650 1128 2751 Stephano
1140 2651 1234 2724 facta

170 2769 319 2870 dispersi
332 2767 503 2854 fuerunt,
522 2792 635 2866 usque
647 2763 856 2840 Phoenicem
870 2784 907 2840 et
923 2769 1085 2868 Cyprum
1101 2784 1137 2842 et
1155 2772 1236 2842 An·

170 2883 342 2960 tiochiam
369 2881 727 2983 perambulaverunt,
758 2898 795 2955 et
818 2883 902 2955 solis
926 2881 1057 2956 Judaeis
1084 2881 1236 2957 verhum

169 2984 254 3076 fidei
271 2999 381 3074 locuti
402 3016 500 3072 sunt.
525 3004 640 3071 Porro
657 3000 805 3098 ingressi
827 2999 1078 3086 Antiochiam,
1100 3001 1235 3073 Graecis

170 3117 476 3193 aununtiaverunt
499 3115 696 3187 Dominum
715 3116 833 3188 Jesum
844 3169 854 3202 ,
874 3115 1081 3214 multusque
1102 3141 1232 3187 nume-

170 3258 232 3305 rus
249 3230 473 3305 credentium
490 3253 682 3301 conversus
701 3228 813 3301 estad
830 3229 1042 3302 Dominum.
1067 3230 1145 3301 Hoc
1167 3254 1236 3300 au·
1275 3280 1280 3289 ι

170 3349 270 3424 diens
306 3348 449 3422 ecclesia
483 3373 565 3448 quae
596 3346 828 3446 lerosolymis
859 3363 957 3433 erat,
996 3347 1033 3418 in
1069 3345 1228 3420 Domino

172 3464 362 3551 exultavit,
390 3477 429 3535 et
457 3458 658 3533 Barnaham
683 3461 802 3532 virum
830 3459 995 3547 honum,
1028 3461 1233 3558 Sanctaque

173 3580 310 3679 Spiritu
335 3592 371 3650 et
393 3576 463 3650 fide
485 3576 635 3675 plenum
654 3577 765 3648 misit.
796 3575 867 3667 Qui
895 3602 978 3647 cum
1002 3577 1173 3663 venisset,
1196 3590 1234 3649 et

204 3929 244 3999 (r)
262 3927 329 3981 Act.
343 3935 432 3996 apost.
453 3944 481 3991 r,
496 3922 590 3991 54-48.
610 3923 659 3994 Ily
671 3940 752 3977 aune
763 3920 854 3994 legere
866 3919 1013 3975 difference
1029 3919 1097 3974 dans
1109 3919 1148 3974 les
1160 3918 1233 3974 deux

174 4017 262 4072 rteits.
276 4016 317 4070 Ici
336 4016 400 4070 c’est
418 4015 489 4069 saint
500 4014 595 4068 Pierre
607 4013 657 4084 qui
673 4010 778 4083 baptise
795 4009 820 4064 le
838 4009 999 4076 centuriam
1014 4008 1082 4063 dans
1094 4007 1133 4063 les
1145 4009 1232 4063 Actes

176 4105 221 4162 des
229 4105 364 4178 Apures,
377 4105 396 4159 il
407 4104 532 4159 ordonne
544 4101 579 4158 de
590 4101 616 4156 le
627 4102 749 4174 baptiser
762 4099 830 4155 ainsi
847 4118 902 4173 que
917 4099 957 4155 les
969 4110 1061 4155 autres
1073 4100 1212 4156 assistauts
1224 4111 1235 4150 z·

176 4193 214 4246 Et
223 4194 309 4267 jussit
324 4212 370 4247 eos
384 4193 520 4263 baptisari
531 4194 560 4245 in
573 4193 683 4248 nouum
695 4189 809 4243 Domini
818 4189 886 4242 Iesu
901 4187 1013 4243 Christi.

247 4312 271 4354 t.
1045 4279 1087 4366 il}
