2894 4958
543 383 660 448 LlBElt
680 382 891 444 SECUNDUS.
1189 383 1250 443 339

183 525 402 613 potuerunt3
416 511 575 608 itemque
584 521 729 605 recepto
739 531 879 606 gressu,
890 503 1022 603 apertis
1035 502 1148 576 oculis
1158 502 1251 576 nihil

183 627 371 704 viderunt.
390 627 476 700 llaec
490 623 652 698 videntes
669 636 911 722 expaverunt,
930 646 1123 722 magosque
1141 622 1252 721 magis

184 769 256 844 pro
286 744 419 818 timore
445 767 554 842 quam
583 765 706 814 amore
734 738 878 813 reveriti
908 755 1006 812 sunt.
1040 738 1251 838 Hujusmodi

180 860 429 963 spectaculum
453 885 473 934 a
496 859 617 959 primo
638 884 743 931 mane
767 855 942 958 usquead
968 855 1094 931 boram
1118 873 1254 930 sextam

185 978 397 1080 explicitum
416 989 488 1064 est,
508 990 544 1048 et
561 975 678 1047 tristes
694 972 855 1047 advocati
877 999 960 1047 cum
978 973 1191 1048 confusione
1209 972 1253 1044 ad

182 1093 315 1169 domos
329 1119 407 1167 suas
422 1106 684 1168 remeaverunt.

236 1211 354 1285 Porro
365 1209 438 1283 dux
452 1207 641 1309 apostolis,
659 1233 751 1309 quos
767 1207 868 1282 valde
883 1206 1071 1308 diligebat,
1087 1207 1165 1281 haec
1179 1233 1254 1282 om-

185 1329 249 1403 nia
265 1328 467 1419 enarravit,
485 1341 524 1401 et
539 1325 726 1425 proelatam
749 1325 1022 1400 advocationem
1046 1326 1083 1398 in
1106 1326 1255 1400 domum

182 1471 286 1522 suam
300 1443 532 1531 convocavit,
549 1459 586 1517 et
604 1440 786 1542 apostolos
803 1443 866 1515 Dei
884 1443 1071 1518 Simonem
1082 1441 1257 1516 etJudam

184 1563 236 1637 eis
256 1561 433 1662 protulit,
451 1587 517 1660 per
537 1583 629 1660 quos
645 1559 790 1633 vincere
809 1583 932 1660 magos
947 1577 1114 1659 possent,
1133 1560 1160 1632 si
1175 1586 1258 1633 mo-

184 1680 273 1758 uitis
282 1706 409 1755 eorum
421 1676 720 1753 obsecundarent.
735 1675 911 1752 Advocati
922 1703 1024 1766 vero,
1034 1694 1077 1750 ut
1087 1676 1258 1751 viderunt

185 1795 352 1871 homines
368 1794 537 1868 vilissima
559 1793 704 1867 indutos
722 1807 837 1883 veste,
863 1793 963 1893 quasi
988 1792 1169 1894 despectui
1195 1821 1256 1869 eos

184 1928 381 2013 coeperunt
411 1911 567 2000 babere;
608 1936 766 2012 quorum
799 1925 1004 2011 turgentem
1037 1913 1258 2010 proterviam

186 2030 315 2105 Simon
342 2027 575 2102 saluberrima
600 2026 783 2127 redarguit
808 2028 1123 2102 sermocinatione.
1146 2028 1256 2103 Plane

185 2148 287 2222 enim
299 2147 561 2223 demonstravit
574 2144 672 2246 quod
689 2147 726 2219 in
742 2145 858 2219 aureis
873 2160 909 2219 et
918 2148 1105 2247 gemmatis
1115 2147 1255 2220 scriniis

185 2262 353 2364 quaedam
377 2261 589 2336 claudantur
610 2261 716 2354 vilia,
740 2262 838 2336 etin
861 2261 1040 2334 vilissimis
1059 2263 1256 2365 ligneisque

186 2381 300 2480 capsis
311 2396 536 2481 reponantur
545 2380 700 2480 pretiosa
711 2378 859 2454 monilia
866 2408 878 2470 ;
893 2379 1135 2479 pulcherrima
1146 2383 1256 2456 etiam

186 2521 265 2571 vasa
284 2511 386 2572 aceto
404 2495 625 2595 repleantur,
645 2495 839 2569 loediasima
852 2522 940 2570 vero
955 2512 1100 2596 aspectu
1116 2499 1257 2598 optimo

186 2612 276 2685 vino
306 2610 528 2688 imbuantur.
557 2611 617 2683 Sic
640 2613 678 2685 in
702 2611 864 2710 personis
884 2612 962 2684 visu
983 2611 1257 2713 despicabilibus

186 2753 454 2829 nonnunquam
466 2754 606 2828 magnae
619 2727 773 2801 virtutes
784 2729 939 2828 pollent,
947 2729 1158 2832 meritisque
1167 2756 1256 2830 prae«

187 2844 292 2917 claris
308 2869 451 2919 summo
469 2844 631 2919 Creatori
647 2871 712 2943 per
725 2845 848 2918 omnia
862 2844 1017 2943 placent.

234 2959 374 3036 Deinde
385 2963 495 3035 sancti
511 2961 664 3061 apostoli
678 2962 867 3036 advocatos
881 2961 1093 3034 salutaribus
1106 2963 1256 3041 monitis

187 3077 460 3165 instruxerunt,
484 3079 664 3177 sacrisque
688 3077 855 3177 precibus
882 3077 958 3150 Deo
982 3076 1258 3152 commendave-

187 3209 278 3269 runt
300 3209 337 3268 et
358 3195 462 3296 siguo
478 3197 593 3269 crucis
617 3197 656 3268 in
678 3195 862 3271 frontibus
878 3196 1122 3296 signaverunt.
1145 3194 1257 3270 Zebe-

185 3309 286 3385 daeus
297 3311 369 3410 (1),
382 3311 514 3412 aliique
523 3311 684 3387 advocati
698 3326 906 3386 constanter
916 3311 961 3384 ad
973 3338 1094 3411 regem
1107 3312 1255 3412 ingressi

187 3427 300 3527 magis
321 3426 601 3517 insultaverunt3
622 3428 681 3503 sed
699 3431 792 3528 magi
815 3427 913 3501 nulla
935 3428 1077 3502 ratione
1098 3427 1179 3501 illos
1196 3426 1257 3499 lac·

187 3539 274 3616 dere
291 3557 503 3642 potuerunt.
529 3546 614 3619 lrati
641 3547 751 3647 igitur
772 3546 865 3646 magi
887 3545 1158 3620 multitudinem
1180 3572 1258 3620 ser-

190 3658 358 3756 pentium
379 3659 503 3734 venire
519 3657 705 3750 fecerunt,
731 3660 828 3734 unde
846 3687 972 3735 omnes
990 3657 1059 3734 boc
1078 3661 1258 3736 intuentes

191 3773 387 3850 admodum
400 3775 520 3850 territi
533 3794 639 3868 sunt,
654 3792 691 3851 et
698 3777 850 3878 jubente
862 3805 945 3880 rege
957 3778 1091 3851 cursim
1104 3776 1257 3878 apostoli

227 4167 268 4238 (ι)
284 4165 362 4223 um
377 4191 384 4222 ι
400 4166 528 4224 susus.
