2894 4958
574 401 693 467 utun
714 404 872 466 PRIMUS.
1202 411 1260 471 135

175 520 307 623 gessit.
321 519 536 620 Gregorius,
552 537 716 599 romense
731 522 889 597 ecciesiae
903 523 1070 623 pontifex
1083 541 1120 598 et
1132 524 1262 603 doctor

185 639 341 714 eximius
350 692 362 728 ,
377 664 476 712 auno
494 623 659 713 Mauricii
678 640 821 739 imperii
836 653 935 730 xru⁰‚
952 641 1150 717 indictione
1162 658 1260 733 xnr',

185 755 369 859 synodum
396 757 650 857 episcoporum
686 782 780 831 xxru
809 756 854 830 ad
882 783 1012 856 corpus
1039 755 1133 834 beati
1165 762 1263 835 Petri

185 872 342 974 apostoli
374 899 617 975 congregans,
649 874 694 948 de
722 876 928 949 necessariis
953 877 1110 950 ecclesiae
1138 876 1265 952 decer-

185 993 259 1066 nit.
293 991 413 1082 ldern,
446 992 817 1082 missis'Britanniam
843 993 1069 1095 Augustino,
1101 995 1262 1085 Mellito,

186 1110 340 1201 Joanne,
355 1111 504 1211 aliisque
517 1110 684 1211 pluribus
698 1113 840 1187 cumeis
853 1112 1040 1189 monachis
1052 1113 1265 1188 timentibus

186 1228 327 1317 Deum,
356 1226 402 1302 ad
431 1227 617 1302 Christum
643 1229 781 1330 Anglos
808 1234 1004 1304 convertit.
1040 1234 1088 1304 Et
1117 1231 1265 1331 quidem

187 1344 394 1421 Editbertus
427 1372 514 1421 mox
544 1346 590 1420 ad
616 1345 751 1421 Christi
781 1349 934 1448 gratiam
962 1374 1156 1422 conversus
1182 1375 1265 1423 curn

182 1477 293 1565 gente
311 1463 612 1552 Contrariorum,
632 1464 689 1536 cui
706 1480 883 1562 praeerat,
909 1465 1158 1566 proximisque
1174 1490 1265 1563 pro-

185 1578 337 1667 vinciis,
359 1579 467 1652 etiam
476 1580 685 1679 episcopum
699 1577 960 1679 doctoremque
976 1607 1083 1652 suum
1096 1579 1266 1680 Augusti-

187 1721 297 1785 num,
317 1694 431 1771 sedet
453 1712 603 1771 caeteros
623 1721 741 1770 sacros
762 1698 940 1770 antistites
964 1699 1157 1797 episcopali
1184 1697 1265 1771 sede

185 1811 360 1888 donabat.
376 1814 494 1887 Porro
509 1830 633 1914 gentes
646 1813 849 1914 Anglorum
864 1812 910 1886 ab
923 1813 1093 1914 aquilone
1107 1812 1264 1887 Humbri

186 1928 372 2019 fluminis,
390 1929 459 2002 suh
474 1929 619 2031 regibus
638 1930 719 2004 Elle
733 1947 770 2004 et
785 1929 967 2007 Edilfrido
990 1930 1088 2018 sitae,
1110 1931 1266 2003 necdum

186 2046 343 2123 verbum
368 2049 452 2123 vitae
483 2047 671 2124 audierant
699 2048 770 2147 (a).
802 2047 999 2148 Gregorius
1027 2059 1138 2121 xvnr⁰
1166 2074 1266 2123 auno
1344 2045 1351 2062 ”

186 2164 355 2239 Mauricii
378 2164 578 2249 indictione
597 2177 669 2254 1v⁸,
695 2163 856 2240 scribens
871 2164 1096 2266 Augustino,
1119 2163 1267 2240 hundo-

187 2283 261 2357 niae
275 2307 422 2383 quoque
439 2297 475 2356 et
491 2280 649 2357 Eboraci
662 2282 857 2383 episcopis,
871 2298 1019 2382 accepto
1037 2310 1056 2356 a
1074 2281 1156 2357 sede
1176 2308 1264 2384 apo-

188 2397 316 2472 stolica
332 2398 461 2497 pallio,
476 2400 776 2499 metropolitanos
792 2426 865 2475 esse
877 2398 1009 2475 debere
1026 2399 1208 2490 decernit3
1227 2417 1264 2476 ct

186 2532 272 2617 post
289 2543 327 2590 iv
348 2543 464 2591 annos
480 2516 575 2592 obiit
592 2521 608 2616 (
634 2519 664 2617 )

235 2636 347 2708 Fooas
363 2637 467 2708 annis
482 2661 561 2708 vni.
581 2637 669 2725 Hic,
689 2653 839 2736 rogante
854 2663 945 2736 papa
961 2634 1169 2725 Bonifacio,
1189 2654 1264 2710 sta-

187 2753 260 2826 tuit
277 2752 398 2827 scdem
415 2778 576 2826 romanae
593 2769 631 2827 et
649 2754 855 2853 apostolicae
875 2753 1035 2828 ccclesioe
1059 2769 1167 2852 caput
1190 2782 1263 2829 esse

185 2872 355 2948 omnium
374 2871 625 2960 ecclesiarum,
641 2854 729 2972 'quia
752 2871 898 2945 ecclesia
923 2872 1264 2970 Constantinopoli-

185 3003 269 3062 taua
281 2989 436 3087 primam
448 2985 676 3061 sescribebat
694 2987 860 3060 omnium
882 2985 1126 3060 ecclesiarum.
1140 2988 1260 3077 Idem,

186 3105 259 3180 aiio
288 3132 377 3205 papa
406 3104 597 3182 Bonisacio
623 3119 788 3204 petente,
809 3104 916 3202 jussit
946 3105 982 3177 in
1010 3105 1121 3177 veteri
1151 3104 1261 3192 sano,

188 3221 289 3324 quod
305 3220 494 3297 Pantheon
512 3219 720 3311 vocabatur,
738 3220 865 3294 ablatis
883 3221 1059 3295 idolatriae
1076 3221 1260 3313 sordibus,

222 3480 261 3550 (r)
280 3477 405 3532 Maurice
417 3411 519 3552 epouai
528 3495 563 3531 en
575 3475 640 3531 effet
647 3476 844 3544 Constantine,
862 3475 918 3531 filie
930 3474 965 3530 de
976 3475 1079 3530 Tihere
1093 3475 1131 3530 11.
1147 3477 1185 3530 Le
1196 3493 1262 3530 cou-

190 3567 240 3625 cile
255 3566 326 3623 dont
343 3565 364 3622 il
375 3568 455 3640 s’agit
466 3568 502 3621 ici
512 3577 555 3622 est
563 3567 589 3622 le
598 3567 740 3622 troisieme
752 3566 788 3621 de
799 3566 902 3634 Rome,
916 3577 1014 3621 ouvert
1025 3566 1051 3620 le
1066 3565 1083 3621 5
1093 3565 1187 3638 juillet
1201 3563 1262 3640 595.

190 3659 299 3715 h’enroi
316 3657 366 3715 des
382 3658 588 3714 missionnaires
604 3676 640 3713 en
662 3657 827 3731 hugleterre
847 3676 897 3730 par
918 3657 990 3711 saint
1006 3656 1146 3730 Gregoirc
1162 3673 1264 3729 appar-

191 3747 260 3803 tient
274 3750 292 3802 h
304 3745 412 3802 l'annde
425 3747 567 3813 suivante3
582 3745 616 3801 iis
628 3764 645 3818 y
664 3747 818 3802 arrivercnt
833 3763 869 3801 cu
886 3743 953 3818 597,
972 3754 1001 3799 ct
1013 3743 1109 3799 iurent
1126 3743 1266 3799 accueillis

191 3852 252 3892 arec
263 3836 470 3892 enthousiasme
484 3854 534 3908 par
546 3834 705 3902 Ethelbert,
722 3835 764 3889 roi
777 3832 813 3889 de
823 3834 905 3889 Keut.
919 3833 1029 3904 Voyez,
1044 3831 1113 3887 daus
1125 3832 1267 3889 l’IIistoire

192 3925 397 3999 eccle'siastiquc
412 3924 447 3980 de
462 3923 537 3980 Bede
549 3924 611 3995 (liv.
626 3943 650 3992 ι,
669 3925 716 3980 ch.
730 3921 841 3995 25-33),
856 3933 949 3978 tontes
959 3922 1000 3977 les
1016 3924 1219 3978 circonstauces
1231 3921 1267 3975 de

193 4025 261 4072 cene
270 4017 397 4084 mission,
404 4025 434 4070 et
440 4015 467 4069 la
476 4013 713 4088 correspondance
722 4013 758 4070 de
769 4015 842 4070 saint
848 4013 988 4086 Gregoire
997 4031 1063 4068 avec
1074 4014 1146 4068 saint
1155 4013 1265 4079 Austin,

192 4107 238 4177 qui
249 4124 287 4162 cn
299 4106 369 4162 etait
379 4105 407 4162 lo
418 4105 491 4161 chef.

224 4195 262 4265 (a)
281 4192 369 4263 esde,
384 4193 506 4251 Histoire
520 4193 740 4268 ecciesiastiquc,
754 4194 802 4249 liv.
818 4212 844 4262 ι,
859 4192 906 4248 ch.
920 4208 965 4264 29.
