2894 4958
193 420 252 479 208
466 416 647 478 HISTORIA
668 416 971 479 ncctnstsstlct.

138 584 144 597 ·
194 552 271 624 ret,
305 536 439 608 eoelum
469 538 508 608 in
537 562 679 610 excessu
706 537 836 610 mentis
873 552 1036 635 apertum
1072 538 1183 628 vidit,
1213 556 1245 613 et

193 652 407 728 descendens
419 679 478 725 vas
489 652 670 754 quoddam
682 654 781 726 velut
798 653 951 727 linteum
969 681 1142 756 magnum
1162 684 1248 758 qm-

195 786 279 844 tuor
296 769 407 842 initiis
419 768 595 843 summitti
611 769 655 843 de
671 767 766 843 coelo
784 770 821 841 in
835 784 988 858 terrem,
1009 773 1136 874 inquo
1150 788 1249 846 eruut

192 887 313 960 omnio
329 884 568 986 quudtupedia
581 901 618 959 et
630 887 806 985 serpentia
820 902 925 960 terrae
938 903 974 961 et
984 888 1142 963 volatilia
1152 889 1247 963 eoeli.

191 1003 240 1076 Et
250 1000 342 1074 facta
356 1017 409 1074 est
423 1028 494 1076 vox
507 999 552 1072 ad
564 1026 646 1073 eum
659 1030 668 1072 :
681 999 811 1097 Surge,
826 1004 946 1090 Petro,
967 1003 1095 1077 occide
1105 1022 1141 1076 et
1154 1031 1250 1077 mun

192 1115 303 1189 duca.
321 1116 449 1187 Petrus
466 1116 650 1187 nutemuit
671 1145 679 1185 ε
706 1115 832 1201 Absit,
848 1117 1022 1208 Domine,
1045 1120 1135 1216 quia
1156 1146 1251 1191 nwe-

191 1260 303 1333 quum
328 1231 549 1305 tnmrducavi
573 1258 761 1305 commune
782 1249 815 1303 et
835 1233 1074 1305 immundum.
1106 1235 1159 1306 Et
1182 1260 1251 1308 vox

191 1351 324 1433 iterum
342 1348 497 1423 secundo
514 1347 557 1420 od
580 1374 663 1421 eum
688 1380 696 1418 :
724 1349 818 1446 Quen
840 1349 1021 1422 Dominus
1042 1350 1252 1452 ponficuvit

190 1494 237 1539 ne
249 1485 287 1540 tu
305 1492 493 1540 commune
506 1466 656 1538 dixeris.
673 1466 750 1537 Hoc
764 1479 881 1538 autem
899 1481 955 1538 ter
967 1466 1101 1539 facturn
1119 1483 1174 1539 est
1184 1520 1197 1555 ,
1215 1484 1251 1541 et

190 1584 378 1656 statimvas
390 1583 428 1654 in
438 1582 571 1653 coelum
582 1599 766 1680 receptum
777 1599 839 1654 est.
852 1584 924 1655 Hae
938 1584 1112 1656 nimirum
1122 1586 1250 1659 revelo·

191 1701 290 1775 tione
302 1703 410 1774 Petro
421 1699 583 1798 gentium
601 1698 786 1771 conversio
802 1697 973 1771 divinitus
985 1698 1164 1773 insinuate
1176 1716 1247 1790 est,

190 1842 272 1917 quae
285 1813 648 1916 perquetuormundi
661 1813 801 1885 climata
810 1814 847 1886 in
858 1815 957 1885 omni
971 1814 1090 1915 lingua
1102 1830 1142 1889 et
1152 1814 1252 1888 tribu

190 1932 282 2006 factu
303 1948 379 2022 est,
401 1946 438 2003 et
454 1958 474 2002 u
488 1931 582 2020 Deo,
600 1955 646 2002 ne
666 1928 864 2029 quemlibet
882 1933 1041 2004 con-verti
1066 1931 1249 2007 volentem

188 2061 390 2145 respueret,
408 2045 590 2119 evidenter
604 2042 750 2117 edoctus
762 2059 828 2117 est.
845 2045 1000 2118 Securus
1017 2072 1102 2147 ergo
1116 2061 1155 2120 et
1167 2074 1249 2147 guu-

188 2161 275 2235 dens
293 2162 442 2235 nuntios
464 2160 620 2233 Cornelii
640 2159 796 2258 hospitio
815 2166 852 2232 in
874 2161 983 2233 domo
1001 2162 1162 2234 Simonis
1182 2163 1250 2237 Go-

189 2279 287 2350 riarii
308 2278 481 2376 suscepit,
495 2295 530 2351 et
548 2303 630 2349 cum
646 2276 714 2349 illis
733 2278 895 2376 sequenti
919 2277 977 2350 die
1002 2279 1040 2349 in
1055 2280 1250 2354 cesaream

188 2393 386 2466 Palaestinae
413 2394 587 2490 perrexit.
617 2391 706 2463 Illuc
735 2392 936 2492 ingressus,
971 2393 1181 2471 Comelium
1215 2410 1251 2469 et

189 2526 358 2609 cognatos
374 2514 449 2609 ejus
470 2536 552 2583 cum
575 2510 778 2583 necessariis
799 2511 921 2581 amieis
940 2511 1098 2601 invenit,
1124 2526 1162 2584 et
1184 2536 1249 2584 ro-

171 2646 173 2650 *
188 2641 289 2726 gatus
304 2624 431 2714 abeis,
450 2626 514 2726 qui
533 2624 578 2697 ud
592 2624 808 2697 audiendum
824 2641 861 2699 et
874 2625 1115 2701 obediendum
1134 2628 1247 2726 parati

188 2758 309 2829 erant,
329 2738 479 2814 verbum
492 2740 575 2811 vitae
592 2739 714 2839 loqui,
735 2740 793 2838 pie
806 2741 1069 2840 obtemperavit
1081 2742 1148 2837 (1).

235 2857 408 2956 Aperiens
433 2855 529 2929 enim
555 2857 680 2928 Petrus
708 2880 747 2927 os
775 2882 898 2943 sunm,
922 2856 1045 2928 dixit:
1077 2858 1125 2929 In
1147 2858 1247 2930 ueri-

189 2991 260 3047 tate
277 2975 437 3074 comperi
458 2976 631 3072 quoniam
654 2998 727 3044 non
749 2988 802 3044 est
817 2999 1059 3073 personarum
1078 2990 1249 3075 acceptor

187 3093 310 3177 Deus;
327 3090 394 3163 sed
409 3092 446 3161 in
462 3091 563 3162 omni
579 3105 703 3188 gente,
723 3091 789 3187 qui
803 3091 901 3160 umet
921 3116 1000 3161 eum
1027 3106 1060 3161 et
1075 3105 1249 3190 operatur

180 3210 384 3307 justitiam,
401 3223 571 3307 acceptus
584 3222 636 3277 est
646 3204 714 3277 illi.
729 3204 888 3277 Verbum
898 3207 1095 3306 mesitfiliis
1106 3206 1243 3295 Israel,

186 3325 407 3398 annuntians
420 3349 551 3424 pacem
562 3349 635 3424 per
647 3321 772 3394 Iesum
792 3325 825 3393 C
822 3321 985 3395 hn'stum.
1009 3324 1086 3396 Hic
1105 3340 1158 3395 est
1173 3348 1248 3396 ont·

186 3444 284 3513 nium
302 3440 484 3512 dominus.
510 3438 672 3538 Cumque
692 3440 817 3511 Petrus
838 3436 914 3509 haec
936 3436 1053 3511 stalis
1077 3437 1180 3537 plura
1202 3437 1246 3512 de

185 3554 338 3628 adventu
356 3553 546 3628 salvatoris
569 3568 606 3626 et
629 3554 778 3652 perenni
798 3553 868 3624 vita
893 3554 1123 3651 praediceret,
1151 3554 1246 3625 mut-

186 3686 335 3770 tumque
354 3670 556 3743 sitientibus
573 3670 617 3743 de
635 3669 737 3743 fonte
753 3670 908 3743 coelestis
921 3670 1097 3744 doctriuae
1117 3670 1244 3770 poeuis

186 3786 269 3858 vitae
290 3786 521 3884 propinaret,
550 3786 704 3884 Spiritus
727 3787 877 3858 Sanctus
899 3813 1005 3884 super
1026 3812 1154 3860 omnes
1180 3786 1242 3885 qui

219 4156 257 4224 (1)
275 4156 339 4209 Act.
354 4163 443 4224 apost.
458 4174 485 4221 x,
502 4151 574 4208 1-55.
