2894 4958
191 362 252 422 ³70
465 359 649 423 HISTORIA
670 359 974 424 ECGLFSIASHCA.

191 478 264 569 dit,
280 494 318 552 et
331 504 457 553 omnes
476 478 672 581 Evangelio
687 479 751 554 Dei
775 480 921 558 edoctos
943 498 981 556 et
995 510 1015 556 a
1031 481 1139 560 beato
1154 486 1254 562 Mar-r

191 596 275 671 ciale
297 595 496 697 baptizatos
518 623 592 672 esse
612 596 766 687 audivit,
788 596 981 673 admodum
1003 599 1109 676 latus
1124 606 1248 707 patna

71 800 74 805 ‚
188 739 314 814 agens,
339 714 542 787 Dominum
564 712 761 788 benedixit.
791 713 966 815 Apostolo
987 716 1141 794 sollicite
1168 748 1249 821 per-

188 829 373 904 cunctanti
387 829 431 904 de
446 828 610 905 moribus
626 847 664 904 et
678 831 790 931 gratia
805 830 862 905 vet
878 834 1152 909 conversatione
1164 862 1251 936 pre·

188 945 254 1021 fati
270 947 458 1037 antistitis,
486 946 635 1024 devotus
657 947 729 1021 dux
747 947 860 1023 multa
881 948 1037 1052 benigne
1055 953 1186 1028 retulit
1208 954 1248 1028 de

186 1063 383 1138 uirtutibus
394 1068 469 1165 ejus
483 1080 519 1140 et
535 1064 727 1166 prodigiis,
742 1065 836 1140 etde
849 1068 1085 1143 conversione
1099 1071 1249 1171 populo·

186 1210 270 1258 rum
286 1182 330 1256 ad
344 1182 487 1258 fontem
503 1185 801 1258 concurrentium
815 1184 903 1257 sacri
919 1183 1158 1287 baptismatis.

234 1302 429 1402 Postquam
449 1301 523 1375 dux
545 1299 590 1373 ab
613 1301 778 1400 apostolo
795 1326 865 1403 pro
882 1301 1055 1411 effusione
1070 1304 1250 1405 sanguinis

187 1418 392 1493 innocentis
422 1417 575 1493 Valeriae
609 1416 874 1494 ahsolutionem
910 1421 1140 1521 promeruit,
1175 1422 1247 1494 auri

185 1533 294 1609 libras
313 1534 501 1624 ducentas,
523 1562 611 1636 quas
634 1562 653 1608 a
675 1534 821 1611 Nerone
839 1537 1055 1638 imperatore
1077 1537 1180 1615 dono
1197 1564 1250 1613 ao-

187 1667 346 1752 ceperat,
371 1653 404 1725 ei
428 1651 575 1727 obtulit.
602 1653 672 1728 Sed
693 1653 753 1727 ille
774 1651 889 1728 eidem
908 1653 990 1727 duci
1015 1657 1193 1755 praecepit
1213 1670 1252 1728 nt

187 1784 428 1843 memoratum
444 1795 574 1844 aurum
590 1785 714 1843 sancto
727 1770 872 1871 praesuli
889 1769 1063 1861 deferret,
1081 1786 1124 1844 nt
1140 1772 1251 1846 eccle·

189 1886 255 1958 sias
273 1884 356 1960 inde
372 1901 620 1977 construeret,
637 1886 694 1961 uel
711 1885 927 1987 pauperibus
942 1903 1121 1990 erogaret.
1141 1889 1250 1964 Deni-

187 2027 258 2102 que
278 2018 420 2103 accepta
437 1999 689 2077 benedictione
713 2003 886 2102 apostoli,
906 2005 1042 2103 pariter
1064 2005 1103 2076 in
1125 2003 1251 2078 Gallias

184 2119 317 2193 reversi
340 2133 444 2210 sunt,
470 2119 708 2219 consultuque
730 2116 832 2192 ducis
853 2121 1062 2222 priusquam
1084 2122 1250 2220 proprios

186 2235 276 2308 lares
300 2234 515 2323 reviserent,
541 2260 773 2309 communem
792 2249 988 2334 patronum
1011 2236 1246 2334 repetierunt.

186 2351 350 2451 Cumque
362 2350 406 2424 ad
418 2350 599 2451 quoddam
613 2351 785 2451 palatium
799 2352 915 2453 regale
928 2349 1105 2427 vocabulo
1117 2355 1250 2429 Jocnn-

188 2468 326 2541 ciacum
338 2468 519 2542 venisseut
532 2469 599 2567 (1),
618 2469 775 2543 tentoria
789 2484 825 2544 et
836 2469 1033 2570 papiliones
1046 2496 1158 2571 snper
1167 2473 1251 2545 Vin·

189 2609 339 2658 zenuam
364 2582 515 2656 fluvium
542 2584 597 2683 (2)
624 2583 795 2658 fixerunt.
826 2585 897 2680 Qui
921 2585 1009 2658 dum
1029 2585 1151 2661 calore
1175 2586 1253 2661 solis

188 2714 380 2775 aestuantes
393 2699 437 2773 ad
454 2697 603 2774 flurium
618 2703 732 2790 irent,
748 2718 790 2775 ut
803 2701 969 2778 ardorem
980 2704 1139 2779 simulet
1154 2705 1255 2779 sudo-

187 2846 265 2894 rem
278 2817 498 2909 devitarent,
513 2818 761 2909 Hildebertus,
779 2818 946 2894 Archadii
964 2822 1184 2897 Pictavensis
1199 2848 1255 2899 co-

188 2938 287 3011 mitis
304 2937 398 3010 filius
407 2990 419 3028 ,
438 2936 482 3010 ad
498 2937 620 3012 locum
637 2938 699 3039 qui
717 2938 887 3012 Garricus
904 2939 958 3039 (ὅ)
973 2938 1121 3030 dieitur,
1141 2941 1251 3027 venit,
1300 2934 1304 2941 ’

188 3055 312 3157 ibique
324 3084 343 3129 a
355 3055 501 3131 diabolo
514 3056 707 3131 suffocatus
720 3056 877 3147 interiit,
892 3071 928 3131 et
942 3056 1061 3131 omnis
1077 3059 1253 3132 exercitus

189 3171 336 3246 cadaver
361 3175 436 3272 ejus
459 3197 625 3272 quaerens
647 3199 723 3247 non
749 3172 900 3246 invenit.
926 3174 1031 3245 Tunc
1057 3171 1255 3247 Archadius

221 3423 260 3494 (ι)
277 3422 316 3475 Μ.
331 3422 455 3477 Maurice
464 3420 585 3491 Ardent,
598 3420 634 3477 de
646 3423 786 3497 Limoges,
803 3425 852 3497 qui
863 3442 879 3479 a
893 3423 959 3479 bien
970 3423 1053 3479 roulu
1065 3442 1138 3480 nous
1146 3425 1253 3481 assistet

105 3535 111 3545 ·
187 3510 222 3567 de
239 3529 281 3567 ses
294 3511 531 3586 renseignements
543 3529 591 3566 sur
603 3510 642 3566 les
658 3511 732 3567 lieux
749 3513 817 3568 cites
834 3511 903 3569 dans
920 3524 991 3569 cette
1003 3513 1138 3588 legende,
1153 3533 1249 3590 pense,

186 3619 250 3655 avec
263 3601 302 3654 Μ.
317 3599 400 3655 Ailou
417 3610 446 3655 et
463 3600 489 3655 le
507 3601 573 3674 pire
586 3601 776 3657 Bonarenture
793 3602 828 3658 de
847 3603 1073 3674 saint-Amabie,
1088 3605 1158 3680 qu’ii
1175 3605 1252 3679 s'agit

186 3688 222 3743 ici
235 3688 269 3743 de
282 3688 467 3744 incommune
480 3688 519 3744 du
531 3688 634 3758 Paleis,
648 3709 684 3745 au
695 3689 766 3746 bord
779 3690 814 3747 de
823 3690 849 3746 la
859 3692 981 3762 Vienne,
995 3696 1012 3748 d
1024 3713 1080 3750 une
1088 3693 1164 3751 liene
1175 3694 1249 3750 enri-

186 3795 239 3832 ton
251 3796 287 3831 en
299 3787 394 3832 amont
405 3777 441 3832 de
454 3778 591 3852 [meges.
1173 3798 1176 3804 ·

220 3868 260 3938 (a)
278 3869 315 3922 La
329 3868 448 3924 Vienne.

220 3951 259 4025 (5)
277 3954 389 4009 Suivant
408 3956 445 4010 Μ.
466 3954 588 4010 Maurice
607 3954 731 4023 Ardent,
753 3954 774 4010 il
792 3957 933 4013 existerait
952 3974 1052 4013 encore
1073 3959 1248 4031 aujourd'hui

188 4041 255 4095 dans
267 4042 292 4095 la
307 4042 429 4110 Vienne,
443 4046 459 4096 a
475 4061 529 4115 peu
547 4043 582 4098 de
599 4042 721 4099 distance
737 4042 773 4098 de
790 4043 894 4120 l‘eglise
913 4045 951 4101 du
967 4045 1069 4116 Paleis,
1089 4066 1129 4102 un
1148 4045 1249 4122 gouffre

188 4148 278 4186 connu
291 4148 354 4186 sous
366 4130 392 4186 le
406 4149 470 4186 nom
484 4132 519 4187 de
536 4133 636 4189 Gourd
646 4133 681 4188 de
698 4134 806 4190 carra.
