2916 4958
193 398 255 463 302
472 391 657 457 HISTORIA
676 392 984 463 ucctutltstlcu.

195 535 304 620 atque
330 516 450 591 letum
473 515 538 589 llei
562 513 680 589 filium
701 518 824 592 omnia
853 521 1086 620 complevisse
1112 551 1197 627 qnoe
1223 525 1261 606 de

198 635 263 708 illo
284 630 474 734 prophete
494 629 760 729 praedixerant,
787 651 996 712 constanter
1018 654 1056 713 et
1079 641 1262 719 manifeste

198 750 360 825 asseruit.
900 798 904 804 -

246 867 413 966 Denique
423 863 520 940 fideli
536 865 790 964 prosecutione
802 868 860 966 (r)
875 867 1000 945 Jaeobi
1013 870 1137 963 linita,
1151 873 1263 950 turbe

196 985 324 1087 guviaae
352 997 461 1071 aunt,
483 979 761 1083 ,nominumque
789 982 1032 1084 glorificantes
1056 976 1230 1066 dixerunt
1254 1022 1261 1066 ι

197 1099 474 1200 Hoaauuafllio
488 1098 633 1174 Dauid!
648 1097 817 1175 Pharisaei
831 1120 972 1196 entem,
987 1106 1124 1208 aliique
1134 1111 1262 1185 veritu-

198 1220 245 1292 tis
268 1216 426 1305 inimici,
453 1213 554 1288 valde
578 1216 782 1291 contristati
806 1236 912 1310 suut3
937 1236 974 1296 et
994 1224 1088 1298 inito
1112 1224 1211 1300 inter
1233 1252 1263 1303 at

196 1336 350 1438 pessimo
363 1332 520 1407 concilio
532 1329 800 1408 clamaverunt:
820 1335 865 1427 Ο,
887 1336 1263 1441 O,·etjustusermvit!

198 1455 304 1526 Tunc
312 1449 600 1550 adimpleverunt
609 1447 708 1549 quod
722 1450 760 1523 in
773 1448 871 1527 libro
879 1454 1076 1553 Sapientiae
1090 1459 1263 1560 scriptun

196 1585 249 1644 est
266 1596 277 1643 .·
295 1568 521 1668 Auferamus
536 1567 695 1666 stastum,
716 1571 808 1667 quia
829 1572 970 1646 inutilis
991 1590 1045 1646 est
1063 1575 1173 1650 nobis
1195 1578 1260 1676 (a).

196 1685 289 1762 Nam
304 1683 472 1787 pharisaei
489 1681 536 1757 ad
551 1704 635 1756 eum
654 1683 884 1760 ascendentes
904 1686 1106 1764 dixerunt:
1133 1691 1216 1767 Nos
1235 1708 1263 1766 te

195 1808 403 1909 ingerimus
420 1819 459 1876 ιιι
471 1826 627 1875 enurem
642 1830 668 1876 a
678 1804 825 1905 populo
836 1808 882 1878 de
897 1806 987 1880 Jesu
1001 1807 1164 1902 tolleres,
1181 1828 1216 1884 et
1230 1826 1262 1885 tu

195 1919 445 2027 amplificasti.
466 1915 607 2014 Quibus
624 1919 675 1993 ait
691 1917 846 1994 lacobus
867 1951 875 1993 :
895 1923 983 2022 Ego
1005 1949 1163 1999 eunrem
1180 1927 1259 2018 euti,

194 2060 229 2118 et
236 2044 424 2117 ueritatem
434 2035 591 2112 ostendi.
603 2036 659 2110 llli
674 2053 809 2128 autem,
823 2037 940 2112 turbis
954 2042 993 2115 iu
1007 2046 1083 2143 ejua
1095 2045 1262 2143 praediea·

194 2163 296 2235 tione
311 2152 575 2259 gratulantibus
592 2151 685 2251 etin
706 2154 829 2228 lesum
850 2155 1103 2249 credentibus,
1123 2186 1209 2234 eum
1223 2186 1262 2236 ex

194 2276 269 2349 alto
287 2270 627 2374 praecipitaverunt,
651 2282 688 2342 et
710 2267 888 2368 lapidibus
908 2298 1036 2372 urgere
1058 2288 1261 2376 coeperunt.

195 2395 267 2490 Qui
294 2389 451 2491 dejectus
480 2412 587 2486 super
611 2409 728 2486 genua
755 2413 817 2459 sua
843 2389 1064 2487 pmcubuit,
1094 2406 1133 2466 et
1161 2402 1262 2468 ortua

193 2511 287 2586 dixit
309 2537 319 2581 t
344 2509 453 2607 Rogo
474 2522 527 2595 te,
552 2505 713 2577 Domine
732 2502 836 2578 Deus
851 2523 982 2607 pater,
1006 2511 1148 2583 renum
1170 2510 1261 2596 illie·

195 2654 268 2704 non
297 2627 395 2700 euim
421 2623 542 2698 seium
570 2621 666 2721 quid
678 2623 849 2718 faciunt.
879 2623 1044 2724 Cumque
1070 2649 1157 2700 enm
1184 2626 1260 2699 talia

194 2759 359 2823 orantem
369 2739 521 2839 desuper
532 2737 710 2838 lapidibus
721 2753 979 2839 perurgerent,
993 2765 1089 2815 unue
1100 2741 1147 2817 de
1159 2764 1261 2818 meet*

192 2862 358 2949 dotibus,
376 2857 422 2932 de
440 2854 524 2930 liliis
546 2852 711 2945 Rechab,
733 2856 965 2947 exclamavit,
991 2858 1116 2933 dicens
1137 2888 1147 2933 t
1166 2861 1260 2935 Par·

194 2984 277 3070 cite,
288 2979 445 3081 parcite,
460 2996 599 3074 quaeso.
614 2970 891 3071 Quidsaciuk?
904 2977 980 3047 Pm
993 2975 1101 3048 vobis
1113 2991 1198 3050 orat
1207 2976 1260 3050 lut

188 3102 335 3200 justus,
352 3118 459 3194 quem
478 3088 670 3190 lapidatis.
690 3087 798 3159 Tunc
818 3089 928 3161 iratus
946 3091 1093 3190 quidam
1113 3119 1157 3165 ex
1176 3090 1260 3194 plu·

193 3213 325 3298 risaeis,
352 3208 527 3309 perticam
551 3203 701 3276 fullonis
726 3204 902 3303 arripuit,
930 3220 966 3278 et
988 3207 1027 3278 in
1049 3209 1167 3308 capite
1193 3212 1259 3308 ejus

193 3332 340 3407 fortiter
355 3326 473 3412 dedit,
488 3326 636 3423 ejusque
651 3320 842 3411 cerebrum
859 3323 964 3421 ejecit
976 3324 1045 3424 (3).
1065 3327 1183 3400 Testis
1199 3327 1260 3399 ita·

229 3645 268 3715 (1)
284 3636 446 3696 Prosecutio
462 3657 468 3688 :
483 3635 640 3701 instructio,
651 3632 794 3706 allegatio.
806 3632 878 3687 Duc.
896 3633 988 3690 Gloss.

226 3731 265 3804 (a)
285 3730 353 3801 Sap.
369 3745 402 3796 u,
421 3741 462 3780 ra.

227 3821 267 3894 (3)
285 3821 337 3880 Cet
346 3820 508 3873 evenement
516 3823 566 3868 eut
574 3811 632 3867 lieu
642 3829 703 3867 vere
715 3810 741 3866 le
754 3830 785 3866 ιο
797 3811 865 3867 avn'l
878 3810 912 3866 δ’)
923 3855 931 3882 ,
941 3823 970 3867 et
979 3831 1035 3869 nou
1045 3831 1094 3887 pas
1105 3812 1132 3869 le
1148 3816 1257 3880 1‘¹ntai,

191 3930 300 3968 comme
316 3907 451 3982 l’indique
470 3913 551 3960 notoe
570 3912 684 3968 auteur,
705 3899 917 3975 probablement
935 3899 1044 3975 d'aprbs
1064 3900 1091 3956 le
1110 3903 1193 3958 choix
1210 3920 1260 3979 que

191 3991 327 4077 l’l'iglieea
338 3998 388 4054 fait
400 3995 435 4051 de
444 4012 475 4050 ne
488 3993 600 4049 dernier
610 3992 676 4064 jour
685 4009 758 4064 pour
767 3990 892 4046 celebrer
903 4009 932 4045 sa
942 3990 1007 4047 sete.
1019 3991 1144 4068 Lealplus
1153 3995 1260 4050 ancient

192 4089 391 4162 martyrologes
407 4084 433 4138 la
450 4082 588 4156 plaeaient
608 4098 643 4135 au
662 4077 696 4135 25
714 4095 797 4134 mars.
814 4077 862 4134 On
880 4097 915 4133 ue
933 4079 1045 4134 connait
1061 4079 1169 4135 d’autre
1184 4077 1263 4136 motii

191 4197 262 4253 pour
277 4176 371 4232 l’avoir
385 4172 557 4244 transportde
571 4188 605 4224 au
623 4181 655 4223 t‘'
669 4168 737 4238 mai,
761 4185 816 4241 que
833 4167 859 4223 la
878 4166 1008 4224 dedicace
1024 4169 1073 4242 qui
1092 4168 1136 4225 lut
1153 4169 1220 4226 saite
1232 4185 1260 4225 ce
