2894 4958
571 434 689 497 tmen
709 434 868 496 PRIMUS.
1213 435 1253 494 7⁹

185 563 301 663 legem
332 559 505 632 habemm
543 575 577 629 ct
611 555 811 631 secundum
833 553 963 654 ¹legum
993 551 1098 625 debet
1131 555 1250 641 mori,

183 681 275 781 quia
296 676 425 780 filium
455 675 530 748 Dei
558 701 598 748 se
617 671 728 774 fecit.
764 672 856 746 Cum
886 697 973 772 crgo
1003 669 1156 745 audisset
1177 671 1254 743 ·Pi-

185 796 279 869 latus
298 793 397 869 hunc
413 814 637 880 sermonem,
651 789 915 890 magistimuit.
936 789 986 861 Et
1006 788 1183 888 ingressus
1200 805 1254 860 est

184 910 401 1011 pastorium
428 909 557 981 iterum
583 923 620 979 ct
645 904 737 979 dixit
752 903 797 977 ad
813 905 970 978 lesum:
998 903 1104 977 Unde
1125 930 1163 975 es
1187 903 1253 976 tu?

184 1029 286 1102 lesus
308 1039 429 1101 auum
449 1016 662 1124 responsum
685 1046 761 1098 non
773 1021 880 1096 dedit
902 1021 969 1095 illi.
994 1020 1091 1094 Dicit
1112 1047 1198 1122 ergo
1220 1023 1252 1094 ei

185 1145 321 1217 Pilatus
346 1169 356 1213 ε
382 1141 481 1216 Mihi
498 1168 573 1215 non
588 1138 771 1240 loqueris?
789 1139 919 1215 Nescis
937 1143 1025 1239 quic
1037 1155 1253 1240 potestatem

185 1258 302 1332 habeo
314 1256 525 1359 crucifigens
535 1271 582 1346 te,
597 1272 631 1328 et
639 1272 858 1357 potestatem
870 1252 986 1327 liabeo
999 1253 1180 1328 dimittere
1192 1252 1253 1326 tc?

114 1407 127 1421 ·
185 1372 389 1475 Respondit
408 1376 507 1447 lesus
524 1403 533 1444 ι
549 1373 640 1448 Non
660 1372 811 1445 habetes
830 1388 1043 1473 potestatem
1063 1372 1253 1446 adversum

185 1516 244 1566 mc
266 1492 401 1580 ιιΙΙαιη,
425 1492 502 1564 nisi
523 1489 589 1563 sibi
603 1506 695 1563 essct
717 1490 843 1563 dutum
865 1488 1033 1591 desuper.
1056 1491 1255 1592 Pmptcrcn

185 1610 254 1711 qui
267 1636 325 1682 me
341 1608 495 1682 tradidit
517 1607 604 1696 sibi,
623 1608 746 1707 majus
761 1623 958 1709 peccatam
975 1595 1094 1679 habel.
1117 1606 1254 1679 Exinde

184 1723 373 1827 quaerebat
393 1724 526 1798 Pilatus
547 1723 730 1797 dimittere
748 1750 852 1798 eum..
863 1722 977 1796 Judaei
995 1739 1114 1796 autem
1128 1723 1256 1796 clama-

184 1839 300 1930 bant,
327 1840 486 1913 dicentes
513 1869 522 1910 ε
550 1839 595 1910 Si
617 1837 713 1912 hnnc
736 1839 912 1929 dimittis,
941 1854 1015 1911 hon
1044 1865 1082 1910 es
1113 1840 1254 1913 amicus

188 1957 366 2043 Coesun’m
388 1956 503 2029 cintus
524 1956 621 2028 enim
637 1956 703 2056 qui
722 1982 762 2028 sc
783 1974 904 2056 regem
914 1952 1026 2053 facil
1036 1955 1256 2030 contradicit

189 2075 347 2149 Coesan‘.
419 2122 423 2130 ·
937 2134 945 2145 .

233 2190 372 2267 xvlu.
390 2190 522 2265 Pilatus
537 2216 623 2292 eigo
635 2216 718 2264 cum
731 2189 885 2266 audisset
902 2189 1177 2282 hosscrmones,
1190 2192 1255 2266 ad·

183 2309 293 2382 duxit
304 2308 553 2398 loculentam,
568 2306 712 2382 essedis
725 2332 794 2406 pro
811 2306 983 2381 tribunali
1001 2308 1038 2380 in
1053 2307 1174 2381 locum
1191 2309 1253 2411 qui

185 2425 322 2499 dicitur
339 2424 602 2513 Lithostrotos,
623 2421 787 2497 hebraice
802 2439 923 2497 autem
939 2422 1139 2499 Gabbathn.
1164 2425 1255 2499 Erat

186 2557 309 2616 autem
322 2568 510 2642 parasceve
521 2540 664 2615 Paschae
679 2539 767 2614 hora
784 2541 883 2640 qnasi
901 2556 1008 2614 sexta.
1027 2543 1077 2614 Et
1092 2541 1181 2616 dicit
1191 2544 1254 2616 Ju-

186 2657 274 2733 daeis
289 2660 414 2736 :Ecce
430 2685 500 2732 rex
513 2675 643 2732 nester.
666 2657 722 2730 llli
742 2672 864 2731 autem
882 2656 1108 2733 clamabant:
1127 2658 1233 2732 Tolle
1239 2718 1254 2750 ,

187 2775 298 2865 tolle,
324 2776 497 2877 crucifige
522 2803 618 2850 cum.
645 2775 744 2847 Dicit
763 2777 813 2848 cis
836 2774 970 2848 Pilatus
990 2805 1000 2846 ε
1023 2777 1164 2876 Regem·
1176 2804 1255 2850 nos·

188 2880 283 2966 unm
299 2892 540 2994 crucifigam?
554 2889 1039 2993 Responderuntpontifices
1055 2923 1064 2963 ε
1079 2893 1167 2966 Non
1187 2893 1257 2966 hu-

189 3006 314 3083 bcmus
333 3035 473 3109 regem,
492 3012 567 3083 nisi
590 3011 787 3083 Caesarem.
810 3008 915 3081 Tunc
933 3033 1019 3108 ergo
1038 3007 1183 3081 tradidit
1207 3009 1256 3081 eis

189 3124 315 3215 illum,
333 3142 376 3198 ut
392 3125 663 3227 crucifigeretur
673 3127 741 3226 (ι)
755 3128 841 3199 Haec
854 3127 1013 3199 narravit
1024 3127 1180 3201 Joannes
1191 3153 1258 3226 per

187 3241 347 3315 Pilatum
364 3258 479 3344 gesta,
499 3269 581 3344 qnoe
593 3243 785 3317 Matthoeus
799 3258 836 3317 ct
853 3249 994 3317 Marcus
1006 3244 1256 3345 quiapraeter-

190 3358 310 3431 ierant
332 3358 578 3433 recoluerunt.
601 3359 659 3432 Sic
683 3361 782 3434 enim
803 3358 993 3433 Matthaeus
1010 3359 1100 3433 dicit
1119 3391 1129 3432 ε
1149 3361 1257 3434 Tunc

189 3471 324 3546 milites
338 3474 502 3572 pmsidis
513 3476 746 3575 suscipientes
761 3476 883 3550 Jesum
900 3474 939 3548 in
955 3476 1131 3575 pretorio
1136 3529 1149 3566 ,
1164 3501 1259 3549 con-

190 3607 432 3692 gregaverunt
443 3592 488 3666 ad
504 3619 587 3668 eum
603 3595 806 3668 univemam
820 3591 1026 3684 cohortem
1041 3609 1078 3667 et
1089 3609 1259 3669 exuentes
1339 3585 1347 3591 ’

192 3735 295 3797 eum,
320 3708 546 3810 chlamydem
569 3712 773 3786 coccineam
794 3711 1111 3785 circumdederunt
1136 3712 1182 3785 ei.
1210 3714 1258 3785 Et

194 3823 389 3922 plectentes
408 3851 579 3900 coronam
595 3827 639 3902 de
653 3830 787 3928 spinis,
805 3844 1006 3928 posuerunt
1023 3854 1133 3927 super
1151 3845 1259 3928 caput

227 4118 390 4191 (smnh.
415 4136 510 4186 xxvu,
538 4119 639 4188 11-263
664 4120 749 4176 Marc.
771 4137 825 4189 ιν,
854 4117 937 4188 1-15,
957 4121 1022 4177 Luc.
1051 4140 1148 4191 xxnt,
1180 4119 1262 4189 1-253

198 4209 292 4265 loann.
306 4225 396 4278 usti,
411 4209 507 4276 ali-lo.
