2916 4958
198 372 257 433 27⁴
413 411 416 415 -
473 368 656 429 HISTORIA
678 367 986 429 scctssstsstlcs.

177 498 179 503 ‘
197 492 313 565 crucis
329 491 473 591 signum
488 482 593 578 fecit,
619 503 656 562 ct
676 514 745 588 pro
764 487 962 562 salvatione
979 513 1130 564 suorum
1153 491 1262 564 Deum

195 609 326 684 oravit.
347 606 504 709 Angelus
523 623 643 679 sutem
662 605 809 680 Domini
828 631 911 678 cum
929 633 1061 707 magno
1078 607 1264 707 splendore

194 723 424 825 praeteriens,
441 721 579 824 gladios
589 748 716 796 eorum
731 722 870 821 tetigit,
885 738 921 795 et
932 722 1065 797 eisdem
1082 725 1122 797 in
1135 739 1264 798 terram

193 838 447 915 corruentibus
465 840 523 912 vir
540 838 603 912 Dei
622 864 707 912 cum
718 838 790 910 suis
803 837 933 912 illaesus
947 839 1128 912 transivit.
1145 841 1262 914 Perin-

94 1047 97 1054 .
194 956 298 1030 thum
310 958 528 1030 maritimam
540 955 706 1030 Thraciae
718 956 901 1030 civitatem
913 957 1073 1031 Andreas
1084 958 1262 1058 apostolus

193 1077 378 1175 pervenit,
400 1073 522 1177 ibique
540 1101 668 1149 navem
677 1129 690 1167 ,
708 1100 791 1175 quoe
808 1074 847 1148 in
865 1074 1115 1150 Macedoniam
1131 1102 1262 1176 propc-

192 1210 309 1282 raret,
339 1195 498 1281 invenit3
527 1193 565 1267 in
591 1219 699 1294 quam
727 1193 862 1267 intrare
889 1192 1097 1292 apostolum
1121 1193 1261 1294 angelus

192 1308 257 1383 Dei
270 1309 456 1409 praecepit.
472 1309 653 1408 Ingressus
665 1322 787 1380 autem
796 1307 950 1381 verbum
957 1310 1023 1383 Dei
1036 1307 1258 1408 praedicarit,

191 1440 229 1498 et
244 1441 353 1499 nauta
371 1452 454 1498 cum
470 1424 640 1501 omnibus
657 1425 834 1499 naucleris
850 1426 887 1498 in
904 1428 1022 1500 Deum
1035 1426 1204 1535 credidit.

240 1545 361 1619 Esous
375 1541 507 1617 nobilis
521 1567 561 1614 ac
577 1540 678 1617 valde
691 1539 790 1616 dives
801 1544 946 1642 juvenis
961 1544 1001 1616 in
1014 1543 1260 1618 Thessalonica

192 1676 281 1737 erat.
317 1660 384 1732 Hic
415 1658 458 1731 ad
487 1657 691 1758 apostolum
721 1657 966 1747 nescientibus
992 1657 1065 1733 suis
1093 1662 1258 1748 sesessit,

192 1778 380 1879 ipsumque
397 1774 654 1876 praedicantem
678 1774 830 1851 verbum
853 1778 918 1851 Dei
940 1776 1108 1868 audiens,
1129 1779 1171 1852 in
1191 1778 1261 1852 Bo-

190 1895 331 1968 minum
359 1891 531 1979 credidit,
559 1907 596 1964 et
617 1893 843 1991 contemptis
858 1892 1070 1991 parentibus
1093 1920 1138 1967 ac
1160 1893 1261 1968 rebus

191 2012 284 2100 suis,
302 2011 335 2084 ei
351 2008 513 2082 adhaesit.
532 2013 699 2082 Parentes
716 2011 791 2108 ejus
806 2035 892 2082 eum
908 2027 1112 2111 quaerentes
1125 2010 1260 2112 Philip·
1283 2068 1285 2072 -

190 2130 247 2228 pis
269 2129 508 2214 invenerunt,
529 2126 719 2224 ipsumque
740 2124 787 2197 ab
804 2125 970 2225 apostolo
992 2127 1207 2203 muneribus
1228 2144 1262 2202 ct

191 2244 302 2317 minis
313 2268 496 2343 segregare
507 2238 609 2314 valde
625 2242 745 2314 conati
763 2258 869 2332 sunt,
884 2241 946 2316 sed
960 2269 1036 2317 non
1049 2258 1258 2343 potuerunt.

192 2358 416 2435 Praedicante
442 2359 607 2457 apostolo
631 2357 784 2432 verbum
812 2358 935 2432 salutis
962 2376 1201 2459 spreverunt,
1228 2376 1261 2434 ct

193 2489 389 2550 convocata
400 2472 552 2549 cohorte
561 2474 679 2574 ignem
691 2473 729 2546 in
741 2473 893 2547 domum
905 2474 1126 2573 injecerunt,
1141 2475 1259 2551 lascu-

192 2619 263 2693 que
273 2591 615 2692 carecti‚scirpique
626 2606 662 2665 et
671 2590 869 2664 facularum
881 2590 1105 2682 adhibentes,
1115 2593 1260 2669 clomum

192 2707 406 2785 succendere
430 2724 634 2808 coeperunt.
657 2711 764 2782 Tunc
782 2709 925 2807 juvenis
945 2709 1145 2809 ampullam
1165 2734 1260 2812 aque

194 2855 278 2902 cum
295 2827 522 2903 invocatione
544 2827 704 2900 nominis
722 2825 856 2900 Christi
879 2826 1033 2928 desuper
1053 2828 1203 2917 effudit,
1228 2843 1261 2902 ct

193 2943 313 3018 divina
339 2945 455 3016 virtus
480 2968 590 3017 omne
618 2942 846 3031 incendium,
868 2945 956 3017 acsi
976 2970 1166 3019 accensum
1191 2969 1260 3018 non

192 3061 337 3150 luisset,
356 3061 478 3135 statim
494 3059 661 3134 extinxit.
681 3058 817 3133 Deinde
834 3058 961 3134 furiosi
979 3060 1087 3134 scalas
1099 3060 1259 3137 admove·

194 3193 284 3250 runt
299 3193 341 3250 ut
356 3179 608 3265 ascenderent,
628 3202 760 3276 eosque
781 3173 899 3277 gladio
920 3175 1187 3266 interficerent;
1205 3175 1260 3251 scd

193 3293 367 3369 divinitus
387 3291 554 3368 excaecati
575 3309 682 3379 sunt,
702 3319 747 3366 ne
769 3319 954 3368 ascensum
976 3293 1153 3395 scalarum
1168 3292 1261 3367 vide·

194 3424 291 3483 rent.
324 3409 429 3481 Tunc
456 3405 689 3508 Lysimachus
714 3407 904 3509 quideme
936 3405 1075 3482 civibus
1100 3407 1261 3484 divinum

195 3553 285 3627 opus
300 3525 473 3615 advertit,
493 3524 769 3626 vicinorumque
784 3525 959 3599 insaniam
971 3524 1141 3601 audacter
1151 3526 1261 3601 redar-

194 3645 292 3743 guit,
322 3641 444 3720 dicens
474 3673 483 3716 ε
516 3642 697 3743 (sequid,
727 3669 750 3717 ο
782 3644 876 3734 uiri,
910 3670 1016 3717 curso
1047 3670 1115 3718 vos
1145 3645 1261 3719 labore

195 3760 433 3835 consumitis?
446 3761 547 3835 Deus
566 3764 662 3834 enim
676 3777 826 3862 pugnat
835 3787 908 3862 pro
924 3761 1014 3835 viris
1032 3762 1132 3853 istis,
1153 3780 1187 3836 et
1200 3788 1259 3836 cos

195 3905 265 3949 non
288 3878 517 3976 cognoscitis.
546 3878 695 3951 Cessare
707 3876 756 3949 ab
771 3877 842 3950 huc
856 3877 1029 3969 stultitia,
1049 3905 1095 3951 ne
1111 3907 1176 3954 cos
1192 3906 1261 3954 coe·

195 3993 293 4064 lestis
320 4011 509 4065 consumat
536 3996 605 4066 irc.
636 3994 699 4064 His
724 3990 848 4083 dictis,
879 4019 1003 4068 omnes
1030 3995 1140 4068 corde
1166 4021 1261 4069 com-

197 4107 321 4206 puncti
339 4125 444 4196 snnt,
464 4125 501 4181 et
516 4107 703 4183 tenebrosa
721 4123 828 4185 nocte
844 4110 1056 4210 ingruente,
1076 4111 1143 4210 ipsi
1162 4110 1260 4185 coeli-
