2894 4958
188 433 229 497 46
463 431 647 493 HISTORIA
668 429 974 494 Ecctmlssrlcll.

189 551 358 653 perennis
375 551 460 627 vita
474 567 767 627 remunerantur.
783 553 836 626 lle
849 549 1088 628 similitudine
1099 551 1164 628 hac
1178 580 1256 632 mo·

190 670 323 746 denus
342 668 564 744 versificator
581 670 632 742 sic
649 671 700 743 ait
717 702 726 742 :

321 830 413 919 Vinea
424 820 498 915 culta
511 859 581 928 luit3
594 859 713 916 cultores
726 860 837 934 premia
849 873 985 936 qumunt.

320 947 385 1006 Non
397 948 476 1006 labor
488 949 614 1024 equalis,
628 949 741 1024 equalis
753 949 826 1005 done
837 949 959 1008 fuerunt.

319 1041 378 1113 Qui
388 1041 465 1097 renlt
476 1049 630 1108 extremus,
644 1039 834 1114 dispensatore
844 1052 974 1108 vocante,

320 1127 508 1184 Tantumdem
521 1128 621 1202 recipit
632 1138 768 1202 quantum
778 1129 828 1204 qui
840 1141 952 1186 venerat
962 1140 1035 1187 ente.

322 1216 367 1273 Sic
380 1216 455 1272 Deus
467 1214 590 1272 ostendit
600 1216 692 1291 quod,
704 1215 935 1293 quandocumque
948 1218 1076 1287 velimus,
1095 1278 1097 1284 ,

182 1381 189 1395 ἱ
320 1304 525 1380 Aggmdiamur
537 1322 622 1378 opus,
635 1307 704 1361 certi
716 1305 752 1362 de
764 1324 881 1369 munere
891 1324 994 1363 sumus

239 1482 323 1556 Xll.
350 1483 529 1556 Hactenus
551 1508 659 1582 opera
674 1507 756 1583 quae
772 1482 949 1557 Dominus
970 1484 1008 1557 in
1030 1483 1138 1561 initio
1156 1509 1255 1583 prae·

189 1598 378 1674 dicationis
403 1625 476 1673 suae
500 1598 589 1673 fecit
615 1625 681 1699 per
702 1597 913 1689 biennium,
933 1615 1053 1701 ,prout
1078 1626 1122 1675 ex
1148 1598 1255 1673 dictis

188 1712 343 1789 ediscere
357 1716 461 1816 potui
483 1714 811 1816 Evangelistarum,
833 1740 903 1815 pro
921 1711 1056 1787 salubri
1080 1716 1255 1790 exercitu-

189 1831 289 1905 tione
308 1846 551 1931 perscrutatus
573 1856 672 1918 sum,
692 1826 865 1931 brevique
884 1830 1001 1905 relatu
1023 1827 1113 1903 mihi
1135 1855 1256 1905 anno-

188 1962 265 2020 tare
288 1962 437 2020 conatus
455 1972 547 2019 sum.
573 1945 715 2020 Amodo
738 1942 828 2019 libet
849 1945 934 2018 anni
955 1946 1052 2020 tertii
1076 1959 1174 2045 gesta
1194 1944 1256 2025 in-

187 2064 382 2164 vestigare,
408 2062 676 2163 insigniumque
698 2060 839 2160 pondus
855 2088 979 2136 rerum
1001 2059 1256 2161 compendiose

187 2205 374 2267 caraxare3
396 2194 593 2310 postquem
615 2178 689 2276 ipse
714 2177 890 2251 Dominus
913 2177 959 2253 de
978 2177 1125 2254 Galilaea
1143 2179 1256 2279 coepit

188 2298 227 2369 in
248 2294 411 2370 Judaeum
428 2294 603 2396 migrare,
628 2309 671 2367 ut
690 2295 904 2395 mysterium
925 2311 1085 2396 paternae
1106 2295 1256 2397 dispen-

186 2411 335 2485 sationis
360 2411 398 2485 in
424 2409 619 2484 Jerusalem
644 2426 930 2501 consummaret,
958 2427 997 2487 et
1017 2437 1144 2487 arcana
1166 2412 1256 2512 legis

186 2543 226 2603 et
246 2526 506 2630 prophetarum
526 2554 588 2600 sua
610 2526 716 2602 nobis
738 2526 910 2602 ineffabili
933 2531 1142 2627 operatione
1164 2555 1256 2604 rese·

186 2660 296 2720 raret.
316 2646 439 2719 Primo
461 2644 608 2747 quidem
631 2645 670 2718 in
691 2643 815 2718 Judaea
838 2644 982 2735 docuit,
1006 2661 1104 2721 trans
1126 2644 1256 2721 Jords-

187 2790 293 2853 nem,
316 2762 360 2836 ad
379 2764 583 2851 orientem;
602 2777 685 2863 post
701 2778 739 2836 et
761 2764 851 2836 citra
869 2764 1087 2854 Jondanem,
1108 2764 1255 2865 qumodo

188 2879 289 2954 venit
319 2878 465 2954 Jericho
497 2894 534 2952 et
560 2877 769 2953 Jerusalem.
800 2878 1005 2953 Nemeum
1035 2879 1153 2954 omnis
1186 2882 1256 2953 Ju-

189 2997 353 3072 doeorum
379 2997 566 3097 provincia
585 2996 799 3097 generaliter
814 2997 858 3068 ad
874 2994 1144 3072 distinctionem
1165 2997 1255 3071 aliu-

187 3141 271 3215 rum
292 3115 455 3215 gentium
477 3112 599 3186 Judaea
622 3113 688 3202 sit,
710 3111 895 3210 specialius
915 3127 1035 3186 tamen
1058 3111 1255 3187 meridiana

188 3232 262 3330 ejus
284 3231 385 3332 plaga
407 3227 653 3328 appellabatur
670 3227 810 3318 Judaea3
829 3226 874 3300 ad
894 3227 1165 3304 distinctionem
1187 3229 1255 3304 Sa-

188 3349 335 3438 mariae,
357 3347 540 3436 Galilaeae,
564 3343 750 3446 Decapolis
761 3398 772 3434 ‚
793 3362 830 3419 et
850 3359 1051 3419 ceterarum
1068 3347 1107 3419 in
1130 3346 1254 3422 eadem

187 3466 375 3564 provincia
392 3465 595 3564 regionum.

236 3579 440 3656 Ascendens
465 3583 565 3656 Jesus
588 3581 627 3653 in
652 3581 867 3667 Jerusalem,
896 3595 1034 3656 secreto
1059 3581 1131 3655 suis
1153 3603 1255 3680 prse-

187 3697 280 3770 dixit
293 3698 474 3798 discipulis
491 3698 704 3798 passionem.
725 3700 829 3771 Tunc
842 3713 957 3773 mater
973 3696 1133 3772 liliorum
1145 3695 1255 3772 Zebe-

187 3814 255 3889 daei
288 3815 394 3914 petiit
427 3832 471 3887 ut
498 3841 591 3888 unus
619 3813 779 3888 filiorum
813 3819 887 3914 ejus
919 3815 962 3887 ad
995 3815 1178 3888 dexteram
1217 3828 1254 3887 et

186 3931 276 4004 alius
304 3929 441 4005 sederet
472 3933 510 4004 in
540 3957 655 4032 regno
680 3933 754 4030 ejus
777 3931 821 4003 ad
852 3932 1046 4005 sinistram.
1080 3930 1144 4004 llle
1166 3954 1253 4004 vero

187 4045 231 4120 ad
251 4046 463 4147 patientiam
486 4061 523 4121 et
550 4044 792 4119 humilitatem
819 4072 879 4121 eos
912 4046 1099 4135 invitavit,
1131 4060 1170 4119 et
1197 4071 1254 4119 se·

188 4165 305 4263 ipsum
324 4163 434 4236 totius
452 4160 655 4261 exemplum
670 4163 821 4261 justitiae
839 4160 1060 4262 sequendum
1077 4159 1251 4237 ostendit.
