2916 4958
268 391 330 453 266
545 386 730 448 utsroutt
751 386 1076 447 Eccttlsttstlcl«

269 510 410 595 miseri,
440 508 506 606 qui
538 508 682 581 credere
713 510 858 581 nescitis
887 533 972 607 quta
1000 505 1117 580 oculis
1138 506 1276 579 uidetis
1303 520 1338 578 et

270 628 437 703 munibus
454 629 675 700 attrectatis!
697 629 793 700 Vere
805 626 920 699 liabeo
936 625 1103 698 eutndem
1120 652 1228 726 quem
1243 651 1337 726 por·

269 772 434 820 reseram
453 773 625 848 pannum
634 800 647 833 ,
666 746 729 821 ¹dc
756 741 940 844 irffusione
959 745 1118 845 pretiosi
1143 746 1338 844 sanguinis

267 862 483 962 gloriosum.
513 861 650 936 Deinde
679 859 879 959 tripudians
906 861 1086 934 enarravit
1114 858 1214 960 quod
1241 860 1338 931 Pau-

269 978 325 1050 lus
344 978 665 1052 innumerabilium
686 976 957 1050 candidatorum
976 977 1126 1049 catervis
1148 977 1340 1050 comitatus

269 1092 315 1169 de
331 1095 426 1168 coelo
442 1098 602 1185 venerit3
627 1095 875 1196 maforamque
894 1093 1058 1168 deferens
1067 1148 1078 1182 ,
1103 1094 1257 1194 gratiam
1272 1119 1340 1193 pro

271 1207 494 1309 benignitate
512 1211 550 1282 in
568 1237 651 1284 eum
670 1208 789 1282 habita
805 1208 992 1300 retulerit,
1012 1208 1151 1310 sibique
1165 1207 1341 1308 pollicita·

273 1327 413 1401 tionem
429 1345 575 1402 eeternae
587 1325 839 1402 retributionis
853 1328 1033 1427 adjecerit.
1047 1329 1219 1401 Protinus
1236 1327 1340 1399 Plau·

273 1441 351 1515 tilla
366 1469 527 1542 pannum
543 1471 563 1515 a
581 1445 664 1516 sinu
681 1445 856 1532 extraxit,
873 1468 1049 1543 roseoque
1064 1441 1256 1541 pericuum
1267 1467 1344 1513 san-

272 1560 382 1660 guine
400 1559 469 1631 illis
480 1560 651 1634 ostendit.
672 1560 728 1632 llli
747 1577 868 1635 autem
883 1561 999 1632 nimio
1016 1585 1148 1659 pavore
1161 1555 1320 1657 correpti
1330 1609 1340 1647 ,

276 1675 421 1750 concito
433 1703 556 1776 gressu
570 1678 745 1750 Caesarem
755 1677 941 1765 adierunt,
958 1693 995 1751 et
1010 1701 1093 1775 quae
1110 1674 1278 1748 viderant
1288 1671 1343 1746 vel

273 1790 460 1865 audierant
483 1794 514 1865 ei
534 1793 805 1866 nuntiaverunt.
825 1793 875 1864 At
893 1792 953 1864 ille
973 1817 1057 1864 cum
1074 1789 1253 1877 audisset,
1270 1788 1344 1860 mi-

275 1923 373 1981 ratus
388 1926 440 1982 est
456 1907 645 1999 horrifice,
665 1925 701 1983 et
716 1911 852 2009 ingenti
870 1911 1046 1983 attonitus
1060 1932 1212 2007 pavore,
1232 1905 1345 2004 eoepit

276 2021 320 2096 de
334 2022 483 2124 hisquae
498 2025 664 2098 nuntiata
681 2039 766 2096 sunt
782 2025 813 2097 ei
831 2050 914 2096 cum
929 2022 1153 2122 philosophis
1171 2036 1343 2109 tractare,

276 2156 312 2213 et
324 2141 447 2214 amicis
459 2168 499 2214 ac
513 2143 689 2215 ministris
705 2141 928 2241 reipublicae.

215 2341 216 2344 Ἴ
325 2258 428 2330 Circa
448 2258 574 2333 horam
591 2285 746 2344 nonam,
765 2258 852 2331 dum
865 2259 943 2332 haec
957 2259 1110 2331 invicem
1123 2257 1345 2331 mirarentur

276 2391 315 2448 et
341 2401 460 2448 secum
485 2393 693 2476 quaererent
719 2392 826 2478 atque
853 2374 1190 2463 confabularentur,
1217 2373 1345 2447 Paulus

277 2488 404 2561 clausis
415 2492 534 2589 januis
548 2493 666 2580 venit3
687 2508 722 2565 et
739 2507 836 2563 stans
852 2508 935 2564 ante
949 2491 1144 2578 Caesarem,
1163 2488 1258 2562 dixit
1277 2519 1286 2560 :
1314 2487 1347 2559 0

280 2604 412 2678 Coesar
424 2606 542 2698 Nero,
567 2635 650 2681 ecce
665 2635 733 2708 ego
751 2609 892 2681 Paulus
909 2610 1005 2707 regis
1026 2606 1154 2679 oetemi
1169 2621 1204 2678 et
1223 2604 1347 2679 inuicti

277 2723 401 2811 miles,·
425 2725 486 2797 uel
508 2753 606 2798 nuuc
630 2725 735 2798 crede
759 2730 847 2824 quio
872 2752 945 2799 non
967 2752 1048 2798 sum
1073 2740 1256 2813 mortuus,
1283 2720 1349 2795 sed

151 2848 154 2856 '
278 2840 360 2913 ut‘uo
386 2840 466 2913 Deo
490 2867 584 2914 meo.
614 2840 699 2913 Tibi
718 2858 859 2929 autem,
886 2843 1012 2930 miser,
1042 2839 1145 2910 mola
1170 2835 1347 2934 ineffabi-

279 2957 334 3029 tta
356 2960 543 3030 imminent
562 2985 635 3032 non
655 2960 915 3060 postmultum
938 2976 1096 3058 tempus,
1120 2956 1348 3027 marimum·

280 3100 349 3171 quur
372 3076 613 3177 supplicium,
638 3093 674 3147 et
693 3093 847 3149 aeternus
869 3092 981 3147 restat
1003 3077 1165 3146 interitus
1173 3106 1191 3160 ,·
1211 3098 1285 3174 pno
1307 3097 1347 3144 eo

280 3190 382 3288 quod
399 3194 492 3264 inter
505 3210 639 3266 caetero
650 3196 813 3296 persium
836 3219 917 3291 quse
926 3190 1077 3291 fecisti,
1096 3190 1253 3262 multum
1264 3215 1348 3261 sutr-

278 3309 428 3407 guinem
445 3311 631 3409 justorum
657 3312 791 3411 injuste
813 3310 991 3408 effldisti.
1014 3310 1100 3381 llaec
1121 3308 1266 3397 dicens,
1289 3333 1349 3380 re-

281 3442 389 3524 pente
418 3426 606 3526 disparuit.
638 3427 735 3502 Nero
763 3426 960 3529 siquidem,
991 3424 1046 3497 his
1074 3423 1226 3510 auditis,
1257 3423 1349 3495 ultra

281 3569 390 3643 quam
407 3543 476 3616 dici
496 3548 608 3643 possit
625 3548 757 3620 timore
770 3568 957 3644 percussus
974 3559 1046 3629 est,
1062 3557 1100 3615 et
1113 3541 1215 3614 velut
1229 3565 1351 3613 amens

205 3712 208 3716 Δ
282 3661 446 3747 effectus,
470 3662 657 3761 ignorabat
672 3663 760 3764 quid
777 3689 879 3762 agere
891 3662 1079 3760 potuisset.
1096 3659 1260 3732 Tandem
1275 3683 1350 3730 sua-

282 3773 450 3848 dentibus
464 3778 604 3866 amicis,
619 3780 726 3876 jussit
747 3778 836 3851 solvi
853 3777 1059 3850 Patroclum
1076 3792 1112 3849 et
1128 3772 1348 3859 Barnabam,

283 3891 440 3992 aliosque
458 3895 520 3993 qui
539 3896 650 3967 vincti
674 3895 818 3969 fuerant
841 3921 924 3967 cum
948 3894 1031 3966 illis.
1055 3892 1242 3993 Longinus
1258 3915 1351 3992 quo-

283 4035 376 4109 que,
390 4013 548 4111 sociique
562 4016 659 4112 ejus,
675 4040 798 4100 mane,
814 4030 856 4086 ut
868 4012 996 4086 Paulus
1011 4011 1080 4083 illis
1094 4006 1349 4094 constituerat,

283 4123 326 4196 ad
349 4126 552 4225 sepulcrum
577 4131 649 4226 ejus
671 4145 867 4220 venerunt,
890 4128 1010 4228 ibique
1026 4125 1116 4201 duos
1133 4126 1232 4200 viros
1248 4149 1352 4198 oran·
