2916 4958
523 425 642 490 LIBER
662 428 873 492 SECUNDUS.
1175 423 1235 495 275

172 564 225 623 tus
250 545 443 623 illuminati
471 562 569 618 suut.
600 545 841 623 Ascendentes
863 563 1004 634 autem,
1032 549 1236 647 apostolum

172 679 329 745 orantem
360 664 596 752 invenerunt3
621 679 657 736 et
681 663 718 736 in
743 663 951 763 pavimento
972 666 1163 761 prostrati,
1190 666 1236 740 ab

172 810 210 862 eo
241 781 505 882 indulgentiam
534 796 696 881 petentes
726 797 953 880 aeceperunt.
985 780 1042 855 Ab
1071 784 1235 882 apostolo
1347 882 1349 886 f

172 901 266 992 enim
288 883 496 998 benigniter
516 900 626 973 erecti
651 914 757 988 sunt,
782 914 819 974 et
846 901 883 973 in
912 899 982 975 fide
1008 899 1234 975 corroborati

172 1015 466 1116 Omnipotentem
493 1015 740 1095 laudaverunt.
768 1015 937 1091 Parentes
961 1033 1105 1090 tantum
1132 1020 1236 1118 pueri

172 1158 245 1211 uon
268 1132 511 1208 erediderunt.
540 1135 758 1207 Execrantes
781 1158 868 1207 vero
886 1137 1078 1232 juvenem,
1108 1134 1145 1209 iu
1172 1163 1237 1235 pa-

172 1251 277 1332 triam
292 1278 394 1327 suam
416 1251 548 1327 reversi
570 1266 673 1338 sunt3
700 1267 736 1324 et
757 1266 840 1349 post
860 1253 1120 1352 quinquaginta
1139 1255 1234 1346 dies,

172 1364 388 1442 unius'horae
398 1381 585 1441 momento
596 1366 703 1440 simul
713 1368 980 1465 expiraverunt.
991 1370 1236 1469 Porrojuveni

172 1509 277 1558 omne
297 1484 559 1583 patrimonium
579 1511 683 1556 sunm
704 1512 723 1555 a
747 1482 1015 1557 contribulibus
1037 1488 1129 1579 suis,
1153 1490 1237 1588 quia

172 1599 270 1701 valde
284 1598 330 1674 ab
348 1602 399 1674 eis
415 1598 644 1700 diligebatur,
663 1625 872 1675 conoessum
888 1616 953 1674 est.
975 1595 1052 1700 lpse
1067 1629 1153 1677 vero
1171 1604 1236 1676 ed-

172 1714 310 1801 isserens
327 1718 510 1818 apostolo,
529 1717 669 1790 fruetus
691 1718 915 1815 praediorum
931 1744 1081 1792 suorum
1102 1747 1238 1819 paupe·

172 1834 270 1915 ribus
287 1837 434 1936 largitus
451 1850 517 1909 est.

214 1956 304 2033 Post
333 1953 480 2054 aliquod
507 1969 648 2051 tempus
676 1951 785 2029 ambo
812 1953 918 2025 simul
951 1951 1239 2031 Thessalonicam

172 2070 323 2170 profecti
338 2086 442 2157 sunt,
457 2068 501 2143 ad
519 2095 611 2170 quos
625 2071 718 2144 cives
734 2069 772 2142 iu
787 2066 928 2143 theatro
939 2067 1131 2166 gaudentes
1149 2097 1239 2146 cou-

172 2188 303 2290 gregati
313 2203 412 2271 sunt.
426 2188 549 2261 Exous
559 2202 679 2260 autem
692 2186 742 2268 eis
756 2185 909 2259 verbum
920 2187 988 2260 Dei
1005 2187 1237 2287 praedicabat,

172 2319 207 2379 et
221 2301 347 2379 beatus
363 2302 523 2379 Andreas
544 2302 723 2377 admirans
744 2300 974 2400 prudentiam
998 2305 1094 2401 ejus,
1123 2318 1241 2377 tacens

172 2419 348 2496 audiebat.
362 2419 501 2495 Deinde
510 2418 744 2520 poscentibus
758 2418 892 2507 turbis,
908 2418 1140 2495 Adimathum
1153 2422 1243 2496 Car-

172 2539 268 2638 piaui
291 2539 409 2613 filium
425 2555 662 2639 aegrotantem
683 2536 802 2610 allerri
814 2537 934 2636 jussit.
954 2536 1023 2611 Sed
1046 2537 1124 2627 ille,
1143 2537 1242 2612 dicto

172 2652 272 2729 sihia
288 2669 390 2755 patre
409 2680 475 2729 suo
492 2680 565 2728 suae
581 2652 785 2726 salvationis
798 2653 931 2725 nuntio
948 2651 1119 2742 credidit,
1138 2656 1242 2728 vesti-

172 2788 292 2846 menta
313 2799 372 2843 sua
402 2770 539 2860 induit,
564 2798 582 2842 a
606 2768 756 2871 grabato
778 2783 861 2868 post
882 2793 972 2840 xxm
996 2795 1111 2843 annos
1135 2797 1242 2844 saum

172 2889 328 2963 surrexit
337 2917 348 2977 3
365 2905 401 2962 et
414 2888 527 2966 veloci
542 2914 648 2961 cursu
663 2901 829 2985 parentes
845 2910 928 2957 suos
940 2888 1182 2984 praeveniens,
1198 2889 1241 2961 ad

173 3002 352 3079 theatrum
373 3004 551 3103 perrexit,
580 3002 702 3103 ibique
724 2998 769 3074 sd
789 3000 895 3100 pedes
914 3001 1067 3099 apostoli
1089 3005 1240 3092 cecidit,

172 3134 208 3199 et
217 3145 290 3220 pro
301 3135 443 3219 recepta
455 3120 605 3193 sanitate
616 3117 760 3219 populis
773 3115 1003 3214 stupentibus
1013 3119 1143 3217 gratias
1154 3122 1238 3219 egit.

172 3234 339 3331 Quodam
355 3234 399 3308 de
410 3232 784 3316 Thessalonicensibus
795 3248 946 3332 rogante
958 3232 1162 3331 apostolum
1173 3262 1241 3334 pro

172 3352 250 3431 lilio
274 3352 521 3444 demonioso,
548 3351 797 3434 mille-artifex
821 3353 879 3450 (1)
904 3351 1011 3425 Satan
1038 3352 1076 3425 in
1103 3369 1241 3428 secreto

172 3469 361 3546 sullboevit
376 3467 556 3543 eubiculo.
576 3469 739 3568 Denique
755 3482 857 3566 pater
874 3492 958 3540 cum
972 3484 1160 3541 mortuum
1183 3470 1240 3540 in-

173 3584 346 3674 venisset,
364 3601 402 3658 et
417 3583 467 3661 oh
483 3583 553 3658 hoe
567 3583 723 3657 multum
741 3583 932 3682 plorasset3
952 3581 1021 3656 fide
1041 3601 1161 3658 tamen
1178 3612 1237 3665 ro.-

172 3699 299 3777 bustus
323 3703 360 3776 in
386 3728 447 3803 spe
472 3701 679 3802 praevaluit,
702 3717 739 3775 et
759 3702 906 3774 cadaver
930 3699 973 3773 ad
995 3699 1177 3776 theatrum
1193 3703 1238 3777 ab

203 4014 245 4085 (ι)
263 4013 337 4072 C’est
349 4029 388 4066 uu
406 4009 455 4065 des
475 4027 555 4065 uoms
576 4009 661 4084 qu’on
681 4009 838 4082 pretendait
850 4027 905 4083 que
918 4008 944 4063 le
960 4008 1061 4063 demon
1080 4028 1108 4065 se
1120 4011 1235 4068 donnait

172 4103 344 4180 qualquelois
363 4106 379 4156 l
398 4101 558 4167 lui-meme,
577 4119 683 4157 comme
700 4118 770 4156 nous
790 4099 815 4154 le
833 4117 945 4155 verrens
957 4099 1110 4154 ci·dessons
1129 4101 1234 4157 deusta

172 4193 287 4267 legende
299 4193 336 4248 de
344 4194 417 4247 saint
429 4192 547 4247 Martial.
