2894 4958
189 456 251 520 ³74
467 454 651 517 HISTORIA
672 453 977 516 ucctmtssttca:

190 603 279 665 eom·
293 575 503 649 custodiunt
511 631 524 665 ,
540 591 575 649 et
587 575 635 648 ab
649 577 752 649 omni
765 576 981 677 contagione
994 575 1134 652 dolona
1143 578 1256 682 praa

188 722 251 769 sus
264 710 476 767 extraneum
493 692 662 766 reddunt.

237 811 322 884 llaec
346 824 384 883 et
405 810 473 884 alia
498 807 554 882 his
570 809 699 883 similia
715 808 927 886 llildeberto
944 810 1144 901 referente,
1163 837 1254 912 pon·

188 925 277 1000 tifex
302 939 340 999 et
360 925 433 998 dux
454 951 537 999 eum
559 925 661 1000 omni
679 923 875 1001 coadunata
890 922 996 1025 plebe
1019 925 1132 1000 laetati
1150 940 1252 1015 sunt,

186 1041 418 1142 Dominoque
435 1066 505 1141 pro
527 1040 666 1117 collatis
689 1040 873 1117 beneficiis
887 1041 1085 1142 gratiarum
1099 1042 1254 1117 actiones

188 1157 436 1233 reddiderunt.
448 1157 678 1233 Hildebertus
689 1174 825 1249 autem,
836 1157 953 1259 angeli
962 1158 1104 1233 monita
1115 1173 1252 1248 testem,

186 1290 297 1374 caput
312 1301 418 1347 suum
442 1275 623 1366 totondit,
643 1273 801 1352 etberto
819 1267 964 1376 praesuli
985 1272 1200 1366 adhaerens,
1219 1275 1253 1349 in

185 1391 251 1465 Dei
270 1391 417 1466 servitio
435 1393 653 1492 permansit,
676 1392 805 1466 vinum
820 1417 897 1468 non
910 1390 1039 1467 bibens
1054 1406 1093 1467 et
1112 1417 1255 1467 earnem

186 1504 263 1583 iron
282 1507 485 1583 comedens.
505 1507 731 1584 Indumentis
744 1510 878 1611 pedum
892 1537 969 1585 non
983 1526 1037 1585 est
1049 1535 1150 1584 usus.
1165 1511 1254 1584 Pane

187 1642 223 1701 et
244 1652 335 1726 aqua
353 1625 584 1702 solummodo
599 1642 793 1702 contentus
808 1628 881 1701 luit
901 1629 940 1701 in
964 1626 1067 1719 oiho,
1086 1645 1123 1704 et
1139 1628 1256 1702 silicio

186 1743 225 1816 in
244 1743 472 1818 indumento.
494 1744 584 1817 Erat
597 1745 696 1821 enim
709 1744 851 1819 deditus
869 1743 906 1818 in
923 1744 1070 1818 assiduis
1083 1744 1254 1818 orationi-

184 1856 273 1949 hus,
297 1859 336 1933 in
354 1860 500 1959 Jejuniis
525 1858 859 1962 frequentioribus,
883 1875 919 1935 et
935 1861 1120 1935 continuis
1134 1859 1254 1936 bono-

184 2004 268 2050 rum
292 2003 443 2078 operum
469 1975 768 2054 exhibitionibus.
793 1981 883 2052 Data
903 2003 991 2053 vero
1007 1975 1076 2052 sibi
1093 2004 1111 2049 a
1130 2004 1254 2078 paren·

130 2176 136 2187 ¹
185 2093 283 2168 tibus
307 2093 549 2170 distribuebat
575 2093 822 2197 indigentibus
834 2123 846 2186 3
874 2094 967 2169 nihil
995 2096 1254 2170 incrastinum

186 2211 254 2285 sibi
265 2212 480 2286 reservabat.
494 2214 711 2314 Exemplum
721 2239 810 2288 vero
822 2216 898 2313 ejus
909 2212 1016 2287 multi
1029 2215 1142 2289 secuti
1157 2228 1252 2303 sunt,

185 2329 414 2429 propriisque
450 2330 700 2404 renuntiantes
727 2328 995 2421 voluntatibus,
1027 2355 1094 2431 per
1122 2344 1253 2403 arctam

83 2458 87 2465 '
185 2445 281 2518 viam
298 2443 341 2517 ad
357 2443 541 2519 Christum
558 2460 812 2520 cucurrerunt.

234 2556 436 2662 Stephanus
451 2561 526 2636 dux
543 2561 730 2637 decretum
743 2561 848 2653 fecit,
864 2577 901 2638 et
914 2589 980 2663 per
991 2587 1119 2637 omnes
1135 2577 1253 2664 gentes

186 2703 269 2778 quse
285 2677 416 2752 ditioni
433 2681 508 2779 ejus
524 2676 774 2778 subjacebant,
793 2678 945 2770 direxit,
961 2693 1004 2751 ut
1019 2678 1145 2752 omnia
1165 2693 1254 2752 tem-

186 2795 244 2897 pla
269 2810 305 2868 et
328 2794 421 2871 idola
442 2793 652 2868 minutatim
673 2794 947 2896 confringerent
966 2809 1004 2867 et
1020 2794 1095 2894 igni
1115 2820 1253 2868 crema-

184 2929 289 3002 rent,
308 2912 447 3013 solique
464 2911 541 2985 Deo
562 2927 731 2988 vacarent
753 2927 790 2986 et
813 2912 945 2986 servire
962 2911 1162 2986 studerent.
1182 2912 1253 3010 lpse

186 3032 390 3134 religiosam
415 3030 546 3120 vitam,
577 3031 670 3105 sicut
696 3058 717 3104 a
743 3029 844 3106 bom
869 3031 1040 3131 magistro
1063 3029 1250 3117 didicerat,

185 3149 378 3251 diligenter
398 3147 475 3222 Deo
491 3147 666 3223 servabat.
686 3148 931 3250 Eleemosynis
951 3147 1049 3222 enim
1068 3163 1145 3220 erat
1160 3144 1252 3220 dedi·

188 3284 246 3341 tus
253 3321 265 3356 ,
282 3267 319 3341 in
329 3265 469 3366 judicio
476 3268 617 3364 justus,
637 3266 730 3339 circa
745 3292 918 3366 pauperes
931 3264 1121 3338 sollicitus.
1138 3264 1254 3337 Sacer·

184 3383 333 3459 dotibus
361 3398 469 3482 atque
497 3382 636 3455 cunctis
662 3383 724 3456 Dei
751 3382 926 3457 ministris
949 3379 1099 3480 supplex
1122 3396 1199 3453 erat
1216 3404 1253 3452 ac

187 3501 360 3588 devotus,
385 3497 684 3599 prudentissimus
706 3512 809 3598 pater
832 3496 1122 3572 Christianorum
1145 3522 1186 3570 ac
1202 3493 1253 3569 fe·

187 3618 394 3691 rorissimus
407 3630 615 3716 persecutor
627 3617 864 3716 Paganorum.
879 3613 980 3688 Adia
994 3639 1069 3714 quo
1083 3615 1252 3715 baptisma

189 3736 365 3834 suscepit,
381 3760 464 3807 oum
481 3734 616 3807 lamina
633 3733 792 3833 pollutus
809 3759 886 3816 non
904 3732 994 3822 suin
1012 3731 1074 3806 sed
1092 3733 1132 3807 in
1151 3731 1252 3806 casti-

190 3867 263 3924 tate
278 3876 389 3949 usque
408 3851 444 3921 in
461 3849 557 3923 diem
575 3847 695 3923 obitus
712 3849 765 3922 sui
783 3848 886 3923 vixit.

240 3966 281 4037 ln
308 3963 501 4063 Burdegala
531 3964 673 4039 civitate
703 3961 901 4065 Sigibertus
925 3987 1045 4038 comes
1069 3977 1170 4053 erat,
1195 3961 1250 4060 qni

193 4107 257 4179 per
266 4106 325 4152 sex
332 4105 445 4153 aranos
453 4080 604 4180 paralysi
614 4079 746 4155 morbo
753 4077 1250 4181 graviteroegrotaveratQui,

193 4213 232 4269 ut
262 4193 438 4270 mirabilia
466 4222 548 4296 quae
571 4224 636 4297 per
661 4196 806 4274 beatum
831 4195 1032 4273 Martialem
1059 4193 1251 4297 agebantur
