<?xml version="1.0" encoding="UTF-8"?>
<!DOCTYPE html PUBLIC "-//W3C//DTD XHTML 1.0 Transitional//EN"
    "http://www.w3.org/TR/xhtml1/DTD/xhtml1-transitional.dtd">
<html xmlns="http://www.w3.org/1999/xhtml" xml:lang="en" lang="en">
 <head>
  <title>
</title>
<meta http-equiv="Content-Type" content="text/html;charset=utf-8" />
  <meta name='ocr-system' content='tesseract 3.04.00' />
  <meta name='ocr-capabilities' content='ocr_page ocr_carea ocr_par ocr_line ocrx_word'/>
</head>
<body>
  <div class='ocr_page' id='page_1' title='image "./ordericivitalis02deligoog_0273.png"; bbox 0 0 2894 4958; ppageno 0'>
   <div class='ocr_carea' id='block_1_1' title="bbox 179 397 1297 3783">
    <p class='ocr_par' dir='ltr' id='par_1_1' title="bbox 186 397 972 465">
     <span class='ocr_line' id='line_1_1' title="bbox 186 397 972 465; baseline -0.008 0"><span class='ocrx_word' id='word_1_1' title='bbox 186 405 248 465; x_wconf 72' lang='lat'>260</span> <span class='ocrx_word' id='word_1_2' title='bbox 461 399 646 459; x_wconf 77' lang='lat' dir='ltr'>Hts&#39;soult</span> <span class='ocrx_word' id='word_1_3' title='bbox 664 397 972 462; x_wconf 72' lang='lat' dir='ltr'>Ecctsssltstlca.</span> 
     </span>
    </p>

    <p class='ocr_par' dir='ltr' id='par_1_2' title="bbox 179 516 1254 970">
     <span class='ocr_line' id='line_1_2' title="bbox 186 516 1253 622; baseline 0 -29"><span class='ocrx_word' id='word_1_4' title='bbox 186 516 402 622; x_wconf 86' lang='lat' dir='ltr'>prohibebat</span> <span class='ocrx_word' id='word_1_5' title='bbox 428 542 510 612; x_wconf 89' lang='lat' dir='ltr'>eos,</span> <span class='ocrx_word' id='word_1_6' title='bbox 533 517 659 591; x_wconf 88' lang='lat' dir='ltr'>dicens</span> <span class='ocrx_word' id='word_1_7' title='bbox 682 546 691 588; x_wconf 76' lang='grc' dir='ltr'><strong>ε</strong></span> <span class='ocrx_word' id='word_1_8' title='bbox 717 517 859 606; x_wconf 80' lang='lat' dir='ltr'>Nolite,</span> <span class='ocrx_word' id='word_1_9' title='bbox 871 517 1016 612; x_wconf 77' lang='lat' dir='ltr'>filioli,</span> <span class='ocrx_word' id='word_1_10' title='bbox 1043 520 1160 592; x_wconf 81' lang='lat' dir='ltr'>nolite</span> <span class='ocrx_word' id='word_1_11' title='bbox 1185 523 1253 593; x_wconf 78' lang='lat' dir='ltr'>rin·</span> 
     </span>
     <span class='ocr_line' id='line_1_3' title="bbox 179 634 1253 741; baseline -0.001 -29"><span class='ocrx_word' id='word_1_12' title='bbox 179 635 312 741; x_wconf 74' lang='lat' dir='ltr'>pedire</span> <span class='ocrx_word' id='word_1_13' title='bbox 325 638 393 710; x_wconf 82' lang='lat' dir='ltr'>iter</span> <span class='ocrx_word' id='word_1_14' title='bbox 407 661 539 708; x_wconf 78' lang='lat' dir='ltr'>nwum.</span> <span class='ocrx_word' id='word_1_15' title='bbox 556 634 645 708; x_wconf 86' lang='lat' dir='ltr'>Jam</span> <span class='ocrx_word' id='word_1_16' title='bbox 655 634 768 735; x_wconf 80' lang='lat' dir='ltr'>pedes</span> <span class='ocrx_word' id='word_1_17' title='bbox 781 637 854 707; x_wconf 78' lang='lat' dir='ltr'>mci</span> <span class='ocrx_word' id='word_1_18' title='bbox 866 639 967 710; x_wconf 80' lang='lat' dir='ltr'>niam</span> <span class='ocrx_word' id='word_1_19' title='bbox 978 635 1162 711; x_wconf 69' lang='lat' dir='ltr'>coekstem</span> <span class='ocrx_word' id='word_1_20' title='bbox 1174 663 1253 711; x_wconf 81' lang='lat' dir='ltr'>ant·</span> 
     </span>
     <span class='ocr_line' id='line_1_4' title="bbox 187 750 1254 852; baseline 0.001 -26"><span class='ocrx_word' id='word_1_21' title='bbox 187 752 327 826; x_wconf 79' lang='lat' dir='ltr'>balant.</span> <span class='ocrx_word' id='word_1_22' title='bbox 339 750 465 826; x_wconf 83' lang='lat' dir='ltr'>Nolite</span> <span class='ocrx_word' id='word_1_23' title='bbox 473 751 624 840; x_wconf 80' lang='lat' dir='ltr'>tristari,</span> <span class='ocrx_word' id='word_1_24' title='bbox 638 750 872 850; x_wconf 80' lang='lat' dir='ltr'>sedgaudete</span> <span class='ocrx_word' id='word_1_25' title='bbox 882 777 1035 841; x_wconf 68' lang='lat' dir='ltr'>nucum,</span> <span class='ocrx_word' id='word_1_26' title='bbox 1047 757 1140 852; x_wconf 72' lang='lat' dir='ltr'>qiua</span> <span class='ocrx_word' id='word_1_27' title='bbox 1149 753 1254 827; x_wconf 63' lang='lat' dir='ltr'>ludu</span> 
     </span>
     <span class='ocr_line' id='line_1_5' title="bbox 187 865 1093 970; baseline -0.001 -26"><span class='ocrx_word' id='word_1_28' title='bbox 187 895 389 970; x_wconf 83' lang='lat' dir='ltr'>consequor</span> <span class='ocrx_word' id='word_1_29' title='bbox 390 866 561 967; x_wconf 83' lang='lat' dir='ltr'>fructum</span> <span class='ocrx_word' id='word_1_30' title='bbox 577 865 744 940; x_wconf 85' lang='lat' dir='ltr'>laborum</span> <span class='ocrx_word' id='word_1_31' title='bbox 759 893 933 941; x_wconf 85' lang='lat' dir='ltr'>meorum.</span> <span class='ocrx_word' id='word_1_32' title='bbox 1090 936 1093 943; x_wconf 93' lang='lat'><em>.</em></span> 
     </span>
    </p>

    <p class='ocr_par' dir='ltr' id='par_1_3' title="bbox 185 974 1257 2134">
     <span class='ocr_line' id='line_1_6' title="bbox 234 974 1253 1088; baseline 0.002 -30"><span class='ocrx_word' id='word_1_33' title='bbox 234 984 372 1059; x_wconf 83' lang='lat' dir='ltr'><strong>Deinde</strong></span> <span class='ocrx_word' id='word_1_34' title='bbox 394 1001 477 1084; x_wconf 88' lang='lat' dir='ltr'>post</span> <span class='ocrx_word' id='word_1_35' title='bbox 500 983 646 1084; x_wconf 81' lang='lat' dir='ltr'>longam</span> <span class='ocrx_word' id='word_1_36' title='bbox 669 981 977 1073; x_wconf 75' lang='lat' dir='ltr'><strong>exhortationem,</strong></span> <span class='ocrx_word' id='word_1_37' title='bbox 1005 974 1078 1088; x_wconf 83' lang='lat' dir='ltr'>qua</span> <span class='ocrx_word' id='word_1_38' title='bbox 1104 984 1253 1088; x_wconf 76' lang='lat' dir='ltr'>figuram</span> 
     </span>
     <span class='ocr_line' id='line_1_7' title="bbox 187 1098 1251 1204; baseline 0 -28"><span class='ocrx_word' id='word_1_39' title='bbox 187 1103 303 1176; x_wconf 87' lang='lat' dir='ltr'>crucis</span> <span class='ocrx_word' id='word_1_40' title='bbox 316 1101 472 1191; x_wconf 81' lang='lat' dir='ltr'>Christi,</span> <span class='ocrx_word' id='word_1_41' title='bbox 485 1127 595 1202; x_wconf 91' lang='lat' dir='ltr'>quem</span> <span class='ocrx_word' id='word_1_42' title='bbox 608 1098 831 1190; x_wconf 88' lang='lat' dir='ltr'>imitabatur,</span> <span class='ocrx_word' id='word_1_43' title='bbox 842 1099 1025 1177; x_wconf 88' lang='lat' dir='ltr'>subtiliter</span> <span class='ocrx_word' id='word_1_44' title='bbox 1036 1102 1251 1204; x_wconf 73' lang='lat' dir='ltr'>explanavit,</span> 
     </span>
     <span class='ocr_line' id='line_1_8' title="bbox 185 1218 1252 1321; baseline 0.002 -29"><span class='ocrx_word' id='word_1_45' title='bbox 185 1246 295 1293; x_wconf 87' lang='lat' dir='ltr'>orans</span> <span class='ocrx_word' id='word_1_46' title='bbox 318 1234 355 1292; x_wconf 93' lang='lat' dir='ltr'>et</span> <span class='ocrx_word' id='word_1_47' title='bbox 376 1218 506 1318; x_wconf 82' lang='lat' dir='ltr'>gratias</span> <span class='ocrx_word' id='word_1_48' title='bbox 526 1244 633 1319; x_wconf 85' lang='lat' dir='ltr'>agens</span> <span class='ocrx_word' id='word_1_49' title='bbox 655 1219 753 1308; x_wconf 85' lang='lat' dir='ltr'>Deo,</span> <span class='ocrx_word' id='word_1_50' title='bbox 778 1219 829 1291; x_wconf 85' lang='lat' dir='ltr'>nit</span> <span class='ocrx_word' id='word_1_51' title='bbox 852 1246 861 1287; x_wconf 76' lang='grc' dir='ltr'><strong>ε</strong></span> <span class='ocrx_word' id='word_1_52' title='bbox 889 1218 1041 1294; x_wconf 71' lang='lat' dir='ltr'>Grotius</span> <span class='ocrx_word' id='word_1_53' title='bbox 1061 1248 1141 1321; x_wconf 77' lang='lat' dir='ltr'>ogo</span> <span class='ocrx_word' id='word_1_54' title='bbox 1166 1221 1252 1310; x_wconf 79' lang='lat' dir='ltr'>ubi,</span> 
     </span>
     <span class='ocr_line' id='line_1_9' title="bbox 187 1335 1253 1442; baseline 0.003 -33"><span class='ocrx_word' id='word_1_55' title='bbox 187 1337 277 1410; x_wconf 84' lang='lat' dir='ltr'>bone</span> <span class='ocrx_word' id='word_1_56' title='bbox 287 1352 435 1438; x_wconf 84' lang='lat' dir='ltr'>pastor,</span> <span class='ocrx_word' id='word_1_57' title='bbox 459 1338 548 1435; x_wconf 85' lang='lat' dir='ltr'>quia</span> <span class='ocrx_word' id='word_1_58' title='bbox 565 1360 646 1410; x_wconf 78' lang='lat' dir='ltr'>oves</span> <span class='ocrx_word' id='word_1_59' title='bbox 669 1361 763 1435; x_wconf 83' lang='lat' dir='ltr'>quas</span> <span class='ocrx_word' id='word_1_60' title='bbox 784 1335 975 1410; x_wconf 77' lang='lat' dir='ltr'>tradidisti</span> <span class='ocrx_word' id='word_1_61' title='bbox 992 1337 1084 1410; x_wconf 83' lang='lat' dir='ltr'>milti</span> <span class='ocrx_word' id='word_1_62' title='bbox 1099 1364 1253 1442; x_wconf 79' lang='lat' dir='ltr'>compu-</span> 
     </span>
     <span class='ocr_line' id='line_1_10' title="bbox 187 1453 1254 1556; baseline 0.002 -29"><span class='ocrx_word' id='word_1_63' title='bbox 187 1456 324 1527; x_wconf 74' lang='lat' dir='ltr'>liuntur</span> <span class='ocrx_word' id='word_1_64' title='bbox 347 1478 499 1525; x_wconf 84' lang='lat' dir='ltr'>meeum.</span> <span class='ocrx_word' id='word_1_65' title='bbox 526 1453 638 1539; x_wconf 82' lang='lat' dir='ltr'>Peto,</span> <span class='ocrx_word' id='word_1_66' title='bbox 666 1453 843 1543; x_wconf 80' lang='lat' dir='ltr'><em>Domine,</em></span> <span class='ocrx_word' id='word_1_67' title='bbox 872 1468 912 1525; x_wconf 83' lang='lat' dir='ltr'>ut</span> <span class='ocrx_word' id='word_1_68' title='bbox 927 1454 1158 1556; x_wconf 66' lang='lat' dir='ltr'>particrpsnt</span> <span class='ocrx_word' id='word_1_69' title='bbox 1180 1482 1254 1529; x_wconf 80' lang='lat' dir='ltr'>me·</span> 
     </span>
     <span class='ocr_line' id='line_1_11' title="bbox 188 1569 1252 1670; baseline 0.002 -25"><span class='ocrx_word' id='word_1_70' title='bbox 188 1597 271 1645; x_wconf 85' lang='lat' dir='ltr'>cum</span> <span class='ocrx_word' id='word_1_71' title='bbox 289 1569 337 1642; x_wconf 86' lang='lat' dir='ltr'>de</span> <span class='ocrx_word' id='word_1_72' title='bbox 354 1571 482 1670; x_wconf 82' lang='lat' dir='ltr'>gratia</span> <span class='ocrx_word' id='word_1_73' title='bbox 500 1585 566 1642; x_wconf 85' lang='lat' dir='ltr'>tua</span> <span class='ocrx_word' id='word_1_74' title='bbox 584 1571 624 1642; x_wconf 86' lang='lat' dir='ltr'>in</span> <span class='ocrx_word' id='word_1_75' title='bbox 642 1596 754 1670; x_wconf 81' lang='lat' dir='ltr'>regno</span> <span class='ocrx_word' id='word_1_76' title='bbox 775 1586 850 1644; x_wconf 83' lang='lat' dir='ltr'>tuo.</span> <span class='ocrx_word' id='word_1_77' title='bbox 871 1572 919 1643; x_wconf 87' lang='lat' dir='ltr'>Et</span> <span class='ocrx_word' id='word_1_78' title='bbox 938 1570 1107 1670; x_wconf 75' lang='lat' dir='ltr'><strong>adjiciens</strong></span> <span class='ocrx_word' id='word_1_79' title='bbox 1131 1573 1252 1647; x_wconf 79' lang='lat' dir='ltr'>dixit:</span> 
     </span>
     <span class='ocr_line' id='line_1_12' title="bbox 190 1685 1257 1789; baseline 0.003 -29"><span class='ocrx_word' id='word_1_80' title='bbox 190 1686 411 1760; x_wconf 79' lang='lat' dir='ltr'><strong><em>Commendo</em></strong></span> <span class='ocrx_word' id='word_1_81' title='bbox 427 1685 493 1760; x_wconf 83' lang='lat' dir='ltr'>tibi</span> <span class='ocrx_word' id='word_1_82' title='bbox 506 1711 608 1775; x_wconf 77' lang='lat' dir='ltr'>oues,</span> <span class='ocrx_word' id='word_1_83' title='bbox 629 1685 721 1760; x_wconf 86' lang='lat' dir='ltr'>bone</span> <span class='ocrx_word' id='word_1_84' title='bbox 731 1703 865 1789; x_wconf 77' lang='lat' dir='ltr'>postor</span> <span class='ocrx_word' id='word_1_85' title='bbox 882 1687 1042 1776; x_wconf 73' lang='lat' dir='ltr'>Christe,</span> <span class='ocrx_word' id='word_1_86' title='bbox 1057 1715 1154 1788; x_wconf 81' lang='lat' dir='ltr'>quas</span> <span class='ocrx_word' id='word_1_87' title='bbox 1168 1688 1257 1762; x_wconf 82' lang='lat' dir='ltr'>milri</span> 
     </span>
     <span class='ocr_line' id='line_1_13' title="bbox 187 1802 1256 1909; baseline 0.006 -33"><span class='ocrx_word' id='word_1_88' title='bbox 187 1802 396 1893; x_wconf 78' lang='lat' dir='ltr'><em>tradidisti,</em></span> <span class='ocrx_word' id='word_1_89' title='bbox 426 1818 464 1874; x_wconf 84' lang='lat' dir='ltr'>ut</span> <span class='ocrx_word' id='word_1_90' title='bbox 488 1806 745 1877; x_wconf 67' lang='lat' dir='ltr'>recusantium</span> <span class='ocrx_word' id='word_1_91' title='bbox 772 1830 813 1876; x_wconf 81' lang='lat' dir='ltr'>ae</span> <span class='ocrx_word' id='word_1_92' title='bbox 838 1805 918 1876; x_wconf 82' lang='lat' dir='ltr'>sine</span> <span class='ocrx_word' id='word_1_93' title='bbox 944 1830 1002 1878; x_wconf 84' lang='lat' dir='ltr'>me</span> <span class='ocrx_word' id='word_1_94' title='bbox 1029 1832 1110 1879; x_wconf 83' lang='lat' dir='ltr'>esse</span> <span class='ocrx_word' id='word_1_95' title='bbox 1135 1811 1204 1909; x_wconf 84' lang='lat' dir='ltr'>qui</span> <span class='ocrx_word' id='word_1_96' title='bbox 1223 1824 1256 1881; x_wconf 78' lang='lat' dir='ltr'>tc</span> 
     </span>
     <span class='ocr_line' id='line_1_14' title="bbox 186 1919 1253 2027; baseline 0.002 -32"><span class='ocrx_word' id='word_1_97' title='bbox 186 1920 335 2011; x_wconf 79' lang='lat' dir='ltr'>liabent,</span> <span class='ocrx_word' id='word_1_98' title='bbox 356 1945 431 2021; x_wconf 82' lang='lat' dir='ltr'>per</span> <span class='ocrx_word' id='word_1_99' title='bbox 456 1945 562 2019; x_wconf 86' lang='lat' dir='ltr'>quem</span> <span class='ocrx_word' id='word_1_100' title='bbox 587 1945 657 2019; x_wconf 81' lang='lat' dir='ltr'>ego</span> <span class='ocrx_word' id='word_1_101' title='bbox 683 1945 834 2020; x_wconf 77' lang='lat' dir='ltr'>gregem</span> <span class='ocrx_word' id='word_1_102' title='bbox 859 1919 958 1993; x_wconf 73' lang='lat' dir='ltr'>hunc</span> <span class='ocrx_word' id='word_1_103' title='bbox 986 1947 1112 2021; x_wconf 80' lang='lat' dir='ltr'>regere</span> <span class='ocrx_word' id='word_1_104' title='bbox 1133 1929 1253 2027; x_wconf 81' lang='lat' dir='ltr'>potui.</span> 
     </span>
     <span class='ocr_line' id='line_1_15' title="bbox 186 2034 815 2134; baseline -0.005 -23"><span class='ocrx_word' id='word_1_105' title='bbox 186 2040 236 2111; x_wconf 89' lang='lat' dir='ltr'>Et</span> <span class='ocrx_word' id='word_1_106' title='bbox 248 2035 326 2110; x_wconf 88' lang='lat' dir='ltr'>haec</span> <span class='ocrx_word' id='word_1_107' title='bbox 339 2035 481 2124; x_wconf 89' lang='lat' dir='ltr'>dicens,</span> <span class='ocrx_word' id='word_1_108' title='bbox 499 2034 617 2108; x_wconf 77' lang='lat' dir='ltr'>emisit</span> <span class='ocrx_word' id='word_1_109' title='bbox 633 2036 815 2134; x_wconf 90' lang='lat' dir='ltr'>spiritum.</span> 
     </span>
    </p>

    <p class='ocr_par' dir='ltr' id='par_1_4' title="bbox 187 2151 1255 3078">
     <span class='ocr_line' id='line_1_16' title="bbox 237 2151 1255 2258; baseline 0.005 -32"><span class='ocrx_word' id='word_1_110' title='bbox 237 2153 368 2227; x_wconf 78' lang='lat' dir='ltr'>Statim</span> <span class='ocrx_word' id='word_1_111' title='bbox 389 2153 480 2242; x_wconf 81' lang='lat' dir='ltr'>viri,</span> <span class='ocrx_word' id='word_1_112' title='bbox 505 2152 568 2253; x_wconf 92' lang='lat' dir='ltr'>qui</span> <span class='ocrx_word' id='word_1_113' title='bbox 587 2178 777 2252; x_wconf 87' lang='lat' dir='ltr'>nunquam</span> <span class='ocrx_word' id='word_1_114' title='bbox 798 2151 850 2226; x_wconf 89' lang='lat' dir='ltr'>ibi</span> <span class='ocrx_word' id='word_1_115' title='bbox 871 2155 936 2228; x_wconf 82' lang='lat' dir='ltr'>visi</span> <span class='ocrx_word' id='word_1_116' title='bbox 958 2155 1127 2247; x_wconf 87' lang='lat' dir='ltr'>fuerant,</span> <span class='ocrx_word' id='word_1_117' title='bbox 1147 2183 1255 2258; x_wconf 80' lang='lat' dir='ltr'>apps-</span> 
     </span>
     <span class='ocr_line' id='line_1_17' title="bbox 187 2270 1253 2372; baseline 0.003 -28"><span class='ocrx_word' id='word_1_118' title='bbox 187 2296 313 2358; x_wconf 90' lang='lat' dir='ltr'>ruere,</span> <span class='ocrx_word' id='word_1_119' title='bbox 332 2283 518 2343; x_wconf 80' lang='lat' dir='ltr'>necantes</span> <span class='ocrx_word' id='word_1_120' title='bbox 536 2294 604 2343; x_wconf 92' lang='lat' dir='ltr'>nec</span> <span class='ocrx_word' id='word_1_121' title='bbox 626 2283 750 2368; x_wconf 84' lang='lat' dir='ltr'>postea</span> <span class='ocrx_word' id='word_1_122' title='bbox 774 2270 964 2372; x_wconf 84' lang='lat' dir='ltr'>quisquam</span> <span class='ocrx_word' id='word_1_123' title='bbox 985 2272 1110 2372; x_wconf 88' lang='lat' dir='ltr'>potuit</span> <span class='ocrx_word' id='word_1_124' title='bbox 1128 2301 1191 2351; x_wconf 87' lang='lat' dir='ltr'>eos</span> <span class='ocrx_word' id='word_1_125' title='bbox 1208 2273 1253 2348; x_wconf 79' lang='lat' dir='ltr'>itt</span> 
     </span>
     <span class='ocr_line' id='line_1_18' title="bbox 188 2384 1253 2494; baseline 0.004 -34"><span class='ocrx_word' id='word_1_126' title='bbox 188 2386 330 2475; x_wconf 74' lang='lat' dir='ltr'>videre,</span> <span class='ocrx_word' id='word_1_127' title='bbox 349 2386 412 2488; x_wconf 93' lang='lat' dir='ltr'>qui</span> <span class='ocrx_word' id='word_1_128' title='bbox 433 2384 603 2461; x_wconf 88' lang='lat' dir='ltr'>dicebant</span> <span class='ocrx_word' id='word_1_129' title='bbox 618 2413 654 2460; x_wconf 90' lang='lat' dir='ltr'>se</span> <span class='ocrx_word' id='word_1_130' title='bbox 670 2401 821 2487; x_wconf 87' lang='lat' dir='ltr'>propter</span> <span class='ocrx_word' id='word_1_131' title='bbox 843 2388 947 2463; x_wconf 88' lang='lat' dir='ltr'>illum</span> <span class='ocrx_word' id='word_1_132' title='bbox 964 2389 1010 2465; x_wconf 88' lang='lat' dir='ltr'>de</span> <span class='ocrx_word' id='word_1_133' title='bbox 1032 2393 1253 2494; x_wconf 82' lang='lat' dir='ltr'>lerosolyrm</span> 
     </span>
     <span class='ocr_line' id='line_1_19' title="bbox 188 2503 1254 2611; baseline 0.006 -33"><span class='ocrx_word' id='word_1_134' title='bbox 188 2503 383 2579; x_wconf 84' lang='lat' dir='ltr'>advenisse.</span> <span class='ocrx_word' id='word_1_135' title='bbox 402 2503 473 2603; x_wconf 90' lang='lat' dir='ltr'>lpsi</span> <span class='ocrx_word' id='word_1_136' title='bbox 491 2529 664 2579; x_wconf 84' lang='lat' dir='ltr'>unacum</span> <span class='ocrx_word' id='word_1_137' title='bbox 680 2504 852 2580; x_wconf 88' lang='lat' dir='ltr'>Marcello</span> <span class='ocrx_word' id='word_1_138' title='bbox 873 2505 1005 2580; x_wconf 76' lang='lat' dir='ltr'>illustri</span> <span class='ocrx_word' id='word_1_139' title='bbox 1023 2509 1106 2584; x_wconf 83' lang='lat' dir='ltr'>viro</span> <span class='ocrx_word' id='word_1_140' title='bbox 1129 2537 1254 2611; x_wconf 79' lang='lat' dir='ltr'>cor-pru</span> 
     </span>
     <span class='ocr_line' id='line_1_20' title="bbox 189 2617 1252 2725; baseline 0.002 -29"><span class='ocrx_word' id='word_1_141' title='bbox 189 2624 264 2721; x_wconf 89' lang='lat' dir='ltr'>ejus</span> <span class='ocrx_word' id='word_1_142' title='bbox 294 2619 435 2695; x_wconf 91' lang='lat' dir='ltr'>occulte</span> <span class='ocrx_word' id='word_1_143' title='bbox 463 2617 709 2708; x_wconf 83' lang='lat' dir='ltr'>abstulerunt,</span> <span class='ocrx_word' id='word_1_144' title='bbox 738 2646 777 2693; x_wconf 86' lang='lat' dir='ltr'>ac</span> <span class='ocrx_word' id='word_1_145' title='bbox 808 2620 852 2693; x_wconf 89' lang='lat' dir='ltr'>ad</span> <span class='ocrx_word' id='word_1_146' title='bbox 883 2621 1133 2700; x_wconf 83' lang='lat' dir='ltr'>terebinthum</span> <span class='ocrx_word' id='word_1_147' title='bbox 1157 2629 1252 2725; x_wconf 85' lang='lat' dir='ltr'>juxta</span> 
     </span>
     <span class='ocr_line' id='line_1_21' title="bbox 188 2736 1254 2842; baseline 0.003 -29"><span class='ocrx_word' id='word_1_148' title='bbox 188 2736 471 2831; x_wconf 86' lang='lat' dir='ltr'>Naumachiam,</span> <span class='ocrx_word' id='word_1_149' title='bbox 496 2737 535 2811; x_wconf 93' lang='lat' dir='ltr'>in</span> <span class='ocrx_word' id='word_1_150' title='bbox 555 2737 638 2812; x_wconf 92' lang='lat' dir='ltr'>loco</span> <span class='ocrx_word' id='word_1_151' title='bbox 660 2737 724 2837; x_wconf 89' lang='lat' dir='ltr'>qui</span> <span class='ocrx_word' id='word_1_152' title='bbox 741 2737 935 2813; x_wconf 74' lang='lat' dir='ltr'>Vaticanus</span> <span class='ocrx_word' id='word_1_153' title='bbox 951 2741 1174 2838; x_wconf 86' lang='lat' dir='ltr'>appellatur,</span> <span class='ocrx_word' id='word_1_154' title='bbox 1192 2769 1254 2842; x_wconf 90' lang='lat' dir='ltr'>po-</span> 
     </span>
     <span class='ocr_line' id='line_1_22' title="bbox 188 2857 1253 2957; baseline 0.001 -26"><span class='ocrx_word' id='word_1_155' title='bbox 188 2873 359 2945; x_wconf 89' lang='lat' dir='ltr'>suerunt,</span> <span class='ocrx_word' id='word_1_156' title='bbox 378 2881 598 2957; x_wconf 85' lang='lat' dir='ltr'>magnosque</span> <span class='ocrx_word' id='word_1_157' title='bbox 615 2870 789 2954; x_wconf 87' lang='lat' dir='ltr'>patronos</span> <span class='ocrx_word' id='word_1_158' title='bbox 806 2871 844 2931; x_wconf 88' lang='lat' dir='ltr'>et</span> <span class='ocrx_word' id='word_1_159' title='bbox 858 2857 990 2931; x_wconf 85' lang='lat' dir='ltr'>amieos</span> <span class='ocrx_word' id='word_1_160' title='bbox 1007 2857 1158 2934; x_wconf 86' lang='lat' dir='ltr'>Domini</span> <span class='ocrx_word' id='word_1_161' title='bbox 1177 2863 1253 2934; x_wconf 85' lang='lat' dir='ltr'>Jesn</span> 
     </span>
     <span class='ocr_line' id='line_1_23' title="bbox 190 2977 954 3078; baseline 0.001 -25"><span class='ocrx_word' id='word_1_162' title='bbox 190 2980 322 3055; x_wconf 82' lang='lat' dir='ltr'>Christi</span> <span class='ocrx_word' id='word_1_163' title='bbox 340 2979 509 3054; x_wconf 85' lang='lat' dir='ltr'>Romanis</span> <span class='ocrx_word' id='word_1_164' title='bbox 525 2977 628 3051; x_wconf 87' lang='lat' dir='ltr'>datos</span> <span class='ocrx_word' id='word_1_165' title='bbox 646 2979 764 3051; x_wconf 84' lang='lat' dir='ltr'>testati</span> <span class='ocrx_word' id='word_1_166' title='bbox 782 2981 899 3078; x_wconf 84' lang='lat' dir='ltr'>sunt(</span> <span class='ocrx_word' id='word_1_167' title='bbox 923 2980 954 3078; x_wconf 90' lang='lat'>).</span> 
     </span>
    </p>

    <p class='ocr_par' dir='ltr' id='par_1_5' title="bbox 191 3095 1297 3783">
     <span class='ocr_line' id='line_1_24' title="bbox 239 3095 1257 3196; baseline 0.003 -25"><span class='ocrx_word' id='word_1_168' title='bbox 239 3097 346 3171; x_wconf 91' lang='lat' dir='ltr'>Nunc</span> <span class='ocrx_word' id='word_1_169' title='bbox 369 3096 414 3170; x_wconf 78' lang='lat' dir='ltr'>(le</span> <span class='ocrx_word' id='word_1_170' title='bbox 435 3095 585 3171; x_wconf 86' lang='lat' dir='ltr'>doctore</span> <span class='ocrx_word' id='word_1_171' title='bbox 600 3096 787 3196; x_wconf 82' lang='lat' dir='ltr'>gentium,</span> <span class='ocrx_word' id='word_1_172' title='bbox 812 3096 968 3195; x_wconf 87' lang='lat' dir='ltr'>qualiter</span> <span class='ocrx_word' id='word_1_173' title='bbox 982 3096 1131 3173; x_wconf 53' lang='lat' dir='ltr'>bonum¹</span> <span class='ocrx_word' id='word_1_174' title='bbox 1145 3118 1257 3175; x_wconf 78' lang='lat' dir='ltr'>certa-</span> 
     </span>
     <span class='ocr_line' id='line_1_25' title="bbox 191 3211 1263 3309; baseline 0.005 -22"><span class='ocrx_word' id='word_1_175' title='bbox 191 3241 275 3288; x_wconf 90' lang='lat' dir='ltr'>men</span> <span class='ocrx_word' id='word_1_176' title='bbox 290 3211 481 3287; x_wconf 81' lang='lat' dir='ltr'>certaverit</span> <span class='ocrx_word' id='word_1_177' title='bbox 488 3264 500 3301; x_wconf 93' lang='lat'>,</span> <span class='ocrx_word' id='word_1_178' title='bbox 513 3235 730 3309; x_wconf 89' lang='lat' dir='ltr'>cursumque</span> <span class='ocrx_word' id='word_1_179' title='bbox 744 3215 1065 3303; x_wconf 85' lang='lat' dir='ltr'>consummaverit,</span> <span class='ocrx_word' id='word_1_180' title='bbox 1076 3213 1263 3292; x_wconf 80' lang='lat' dir='ltr'>bravium·</span> 
     </span>
     <span class='ocr_line' id='line_1_26' title="bbox 191 3327 1264 3433; baseline 0.003 -27"><span class='ocrx_word' id='word_1_181' title='bbox 191 3359 262 3433; x_wconf 89' lang='lat' dir='ltr'>que</span> <span class='ocrx_word' id='word_1_182' title='bbox 278 3355 442 3429; x_wconf 80' lang='lat' dir='ltr'>supernae</span> <span class='ocrx_word' id='word_1_183' title='bbox 460 3328 659 3402; x_wconf 77' lang='lat' dir='ltr'>vocationis</span> <span class='ocrx_word' id='word_1_184' title='bbox 677 3327 898 3417; x_wconf 85' lang='lat' dir='ltr'>obtinuerit,</span> <span class='ocrx_word' id='word_1_185' title='bbox 926 3329 1014 3404; x_wconf 88' lang='lat' dir='ltr'>libet</span> <span class='ocrx_word' id='word_1_186' title='bbox 1038 3359 1083 3406; x_wconf 81' lang='lat' dir='ltr'>ex</span> <span class='ocrx_word' id='word_1_187' title='bbox 1112 3333 1264 3411; x_wconf 82' lang='lat' dir='ltr'>historia</span> 
     </span>
     <span class='ocr_line' id='line_1_27' title="bbox 192 3445 1275 3551; baseline 0.006 -28"><span class='ocrx_word' id='word_1_188' title='bbox 192 3449 366 3551; x_wconf 87' lang='lat' dir='ltr'>passionis</span> <span class='ocrx_word' id='word_1_189' title='bbox 392 3451 465 3548; x_wconf 88' lang='lat' dir='ltr'>ejus</span> <span class='ocrx_word' id='word_1_190' title='bbox 491 3445 652 3520; x_wconf 84' lang='lat' dir='ltr'>breviter</span> <span class='ocrx_word' id='word_1_191' title='bbox 678 3472 888 3546; x_wconf 83' lang='lat' dir='ltr'>excerpere,</span> <span class='ocrx_word' id='word_1_192' title='bbox 913 3448 1032 3521; x_wconf 87' lang='lat' dir='ltr'>ethic</span> <span class='ocrx_word' id='word_1_193' title='bbox 1057 3450 1103 3522; x_wconf 89' lang='lat' dir='ltr'>ad</span> <span class='ocrx_word' id='word_1_194' title='bbox 1120 3451 1275 3529; x_wconf 79' lang='lat' dir='ltr'>laudent</span> 
     </span>
     <span class='ocr_line' id='line_1_28' title="bbox 194 3564 1289 3670; baseline 0 -31"><span class='ocrx_word' id='word_1_195' title='bbox 194 3566 382 3642; x_wconf 84' lang='lat' dir='ltr'>ineffabilis</span> <span class='ocrx_word' id='word_1_196' title='bbox 397 3564 536 3641; x_wconf 80' lang='lat' dir='ltr'>Adonai</span> <span class='ocrx_word' id='word_1_197' title='bbox 554 3564 729 3637; x_wconf 77' lang='lat' dir='ltr'>veraciter</span> <span class='ocrx_word' id='word_1_198' title='bbox 747 3564 903 3638; x_wconf 87' lang='lat' dir='ltr'>inserere</span> <span class='ocrx_word' id='word_1_199' title='bbox 918 3566 990 3664; x_wconf 84' lang='lat'>(2).</span> <span class='ocrx_word' id='word_1_200' title='bbox 1009 3567 1143 3641; x_wconf 88' lang='lat' dir='ltr'>Paulus</span> <span class='ocrx_word' id='word_1_201' title='bbox 1160 3589 1289 3670; x_wconf 66' lang='lat' dir='ltr'>post-</span> 
     </span>
     <span class='ocr_line' id='line_1_29' title="bbox 192 3679 1297 3783; baseline 0.005 -27"><span class='ocrx_word' id='word_1_202' title='bbox 192 3682 525 3783; x_wconf 88' lang='lat' dir='ltr'>quamdecarcere,</span> <span class='ocrx_word' id='word_1_203' title='bbox 539 3697 696 3780; x_wconf 86' lang='lat' dir='ltr'>utsupra</span> <span class='ocrx_word' id='word_1_204' title='bbox 710 3679 932 3769; x_wconf 88' lang='lat' dir='ltr'>dictumest,</span> <span class='ocrx_word' id='word_1_205' title='bbox 948 3681 1058 3755; x_wconf 83' lang='lat' dir='ltr'>exivit</span> <span class='ocrx_word' id='word_1_206' title='bbox 1066 3737 1078 3773; x_wconf 93' lang='lat'>,</span> <span class='ocrx_word' id='word_1_207' title='bbox 1095 3685 1297 3776; x_wconf 58' lang='lat' dir='ltr'>hortum,</span> 
     </span>
    </p>
   </div>
   <div class='ocr_carea' id='block_1_2' title="bbox 194 3935 1309 4082">
    <p class='ocr_par' dir='ltr' id='par_1_6' title="bbox 194 3935 1309 4082">
     <span class='ocr_line' id='line_1_30' title="bbox 228 3935 1309 4012; baseline 0.003 -18"><span class='ocrx_word' id='word_1_208' title='bbox 228 3940 267 4010; x_wconf 83' lang='grc' dir='ltr'>(ι)</span> <span class='ocrx_word' id='word_1_209' title='bbox 284 3939 337 3994; x_wconf 86' lang='lat' dir='ltr'>Ces</span> <span class='ocrx_word' id='word_1_210' title='bbox 347 3940 416 3994; x_wconf 81' lang='lat' dir='ltr'>trois</span> <span class='ocrx_word' id='word_1_211' title='bbox 429 3935 616 4012; x_wconf 78' lang='lat' dir='ltr'>paragraphes</span> <span class='ocrx_word' id='word_1_212' title='bbox 628 3937 841 4011; x_wconf 84' lang='lat' dir='ltr'>appartiennent</span> <span class='ocrx_word' id='word_1_213' title='bbox 854 3939 870 3992; x_wconf 77' lang='lat' dir='ltr'>t</span> <span class='ocrx_word' id='word_1_214' title='bbox 885 3936 911 3991; x_wconf 85' lang='lat' dir='ltr'>la</span> <span class='ocrx_word' id='word_1_215' title='bbox 924 3937 1042 3994; x_wconf 73' lang='lat' dir='ltr'>rehtion</span> <span class='ocrx_word' id='word_1_216' title='bbox 1054 3941 1143 3997; x_wconf 82' lang='lat' dir='ltr'>ecrite</span> <span class='ocrx_word' id='word_1_217' title='bbox 1157 3958 1223 3999; x_wconf 83' lang='lat' dir='ltr'>sons</span> <span class='ocrx_word' id='word_1_218' title='bbox 1239 3942 1309 3997; x_wconf 63' lang='lat' dir='ltr'>le</span> 
     </span>
     <span class='ocr_line' id='line_1_31' title="bbox 194 4025 517 4082; baseline -0.009 0"><span class='ocrx_word' id='word_1_219' title='bbox 194 4045 260 4082; x_wconf 86' lang='lat' dir='ltr'>notu</span> <span class='ocrx_word' id='word_1_220' title='bbox 272 4025 307 4081; x_wconf 88' lang='lat' dir='ltr'>de</span> <span class='ocrx_word' id='word_1_221' title='bbox 320 4027 392 4081; x_wconf 87' lang='lat' dir='ltr'>saint</span> <span class='ocrx_word' id='word_1_222' title='bbox 404 4026 517 4081; x_wconf 83' lang='lat' dir='ltr'>Marcel.</span> 
     </span>
    </p>
   </div>
   <div class='ocr_carea' id='block_1_3' title="bbox 192 4115 1294 4278">
    <p class='ocr_par' dir='ltr' id='par_1_7' title="bbox 192 4115 1294 4278">
     <span class='ocr_line' id='line_1_32' title="bbox 227 4115 1294 4194; baseline 0.006 -25"><span class='ocrx_word' id='word_1_223' title='bbox 227 4118 266 4187; x_wconf 82' lang='lat' dir='ltr'>(a)</span> <span class='ocrx_word' id='word_1_224' title='bbox 283 4115 322 4170; x_wconf 90' lang='lat' dir='ltr'>lci</span> <span class='ocrx_word' id='word_1_225' title='bbox 341 4126 421 4170; x_wconf 86' lang='lat' dir='ltr'>notre</span> <span class='ocrx_word' id='word_1_226' title='bbox 443 4125 543 4170; x_wconf 82' lang='lat' dir='ltr'>auteur</span> <span class='ocrx_word' id='word_1_227' title='bbox 562 4132 752 4170; x_wconf 89' lang='lat' dir='ltr'>recommence</span> <span class='ocrx_word' id='word_1_228' title='bbox 771 4117 787 4170; x_wconf 81' lang='lat' dir='ltr'>l</span> <span class='ocrx_word' id='word_1_229' title='bbox 806 4116 901 4188; x_wconf 82' lang='lat' dir='ltr'>pulser</span> <span class='ocrx_word' id='word_1_230' title='bbox 913 4133 963 4171; x_wconf 87' lang='lat' dir='ltr'>son</span> <span class='ocrx_word' id='word_1_231' title='bbox 979 4118 1049 4172; x_wconf 75' lang='lat' dir='ltr'>recit</span> <span class='ocrx_word' id='word_1_232' title='bbox 1065 4117 1136 4175; x_wconf 81' lang='lat' dir='ltr'>dans</span> <span class='ocrx_word' id='word_1_233' title='bbox 1153 4120 1181 4175; x_wconf 85' lang='lat' dir='ltr'>la</span> <span class='ocrx_word' id='word_1_234' title='bbox 1200 4120 1294 4194; x_wconf 66' lang='lat' dir='ltr'>prr}-</span> 
     </span>
     <span class='ocr_line' id='line_1_33' title="bbox 192 4202 1231 4278; baseline 0.004 -20"><span class='ocrx_word' id='word_1_235' title='bbox 192 4205 294 4260; x_wconf 86' lang='lat' dir='ltr'>tendne</span> <span class='ocrx_word' id='word_1_236' title='bbox 305 4202 422 4259; x_wconf 85' lang='lat' dir='ltr'>relation</span> <span class='ocrx_word' id='word_1_237' title='bbox 435 4204 470 4258; x_wconf 83' lang='lat' dir='ltr'>rle</span> <span class='ocrx_word' id='word_1_238' title='bbox 482 4204 553 4258; x_wconf 81' lang='lat' dir='ltr'>saint</span> <span class='ocrx_word' id='word_1_239' title='bbox 567 4204 631 4270; x_wconf 88' lang='lat' dir='ltr'>Lln,</span> <span class='ocrx_word' id='word_1_240' title='bbox 645 4221 717 4277; x_wconf 87' lang='lat' dir='ltr'>pour</span> <span class='ocrx_word' id='word_1_241' title='bbox 727 4224 757 4259; x_wconf 87' lang='lat' dir='ltr'>ce</span> <span class='ocrx_word' id='word_1_242' title='bbox 767 4204 940 4278; x_wconf 76' lang='lat' dir='ltr'>paragraphe</span> <span class='ocrx_word' id='word_1_243' title='bbox 952 4216 981 4260; x_wconf 83' lang='lat' dir='ltr'>et</span> <span class='ocrx_word' id='word_1_244' title='bbox 992 4205 1031 4264; x_wconf 86' lang='lat' dir='ltr'>les</span> <span class='ocrx_word' id='word_1_245' title='bbox 1043 4206 1084 4262; x_wconf 82' lang='lat' dir='ltr'>six</span> <span class='ocrx_word' id='word_1_246' title='bbox 1098 4208 1231 4266; x_wconf 73' lang='lat' dir='ltr'>sulcante.</span> 
     </span>
    </p>
   </div>
   <div class='ocr_carea' id='block_1_4' title="bbox 0 0 1457 4958">
    <p class='ocr_par' dir='ltr' id='par_1_8' title="bbox 0 0 1457 4958">
     <span class='ocr_line' id='line_1_34' title="bbox 0 0 1457 4958; baseline 0 0"><span class='ocrx_word' id='word_1_247' title='bbox 0 0 1457 4958; x_wconf 95' lang='lat' dir='ltr'> </span> 
     </span>
    </p>
   </div>
  </div>
 </body>
</html>
