2916 4958
550 430 667 494 LIBER
686 432 897 495 SECUNDUS.
1197 437 1255 498 195

189 577 333 633 carmen
361 553 509 626 metrica
536 553 734 626 sonoritate
759 550 951 652 pulchrum
974 552 1085 626 edidit
1106 555 1185 653 (ι),
1214 557 1252 628 in

189 695 265 771 quo
281 666 405 744 nobile
422 670 477 742 sui
494 668 676 742 sediminis
693 670 961 743 monimentum
977 670 1178 768 posteritati
1196 671 1255 744 fn-

190 800 284 859 tnrae
300 784 462 885 reliquit.
482 787 618 857 Tantos
637 783 793 883 talesque
811 785 964 882 praevios
983 783 1115 858 intueri
1137 785 1251 876 nitor,

190 927 254 993 uc,
273 917 317 974 ut
337 898 481 974 claudus
502 899 722 999 pedetentim
740 899 923 999 gradiens,
943 900 1146 975 celerrimos
1170 927 1256 973 cur-

190 1041 289 1091 sores
307 1015 446 1117 alonge
462 1016 522 1088 vix
536 1016 718 1114 insequor.
738 1015 791 1088 De
803 1015 949 1087 materia
971 1030 1089 1088 tamen
1108 1015 1253 1090 illorum

191 1132 232 1205 in
248 1132 363 1232 prima
376 1131 499 1205 fronte
512 1128 755 1203 inchoandum
765 1128 854 1203 mihi
867 1146 941 1222 est,
959 1131 1017 1203 cui
1029 1129 1074 1205 de
1085 1133 1254 1231 apostolis

192 1262 230 1323 ct
243 1273 371 1323 eorum
384 1247 494 1322 beatis
508 1246 816 1321 commilitonibus
829 1246 927 1321 fandi
943 1246 1108 1321 voluntas
1121 1249 1227 1323 inest.

242 1365 438 1439 Luculenta
466 1367 577 1438 Lucas
606 1364 718 1438 refert
744 1365 973 1454 narratione,
1004 1365 1103 1465 quod
1132 1365 1256 1441 indie

192 1495 318 1556 sancto
330 1483 554 1556 Pentecostes
567 1480 719 1580 apostoli
729 1481 867 1580 Spiritu
876 1482 1009 1555 Sancto
1017 1479 1145 1581 repleti
1155 1498 1254 1572 sunt,

194 1614 233 1674 ct
247 1600 354 1673 variis
376 1599 539 1700 gentium
565 1598 696 1699 linguis
721 1597 896 1699 magnalia
918 1598 1005 1685 Dei,
1028 1597 1255 1697 stupentibus

193 1716 347 1806 Judaeis,
364 1716 427 1816 qui
450 1716 494 1789 de
517 1714 663 1789 diversis
683 1712 892 1789 nationibus
909 1732 1172 1805 convenerant,
1197 1717 1257 1791 lo-

195 1833 270 1905 cuti
284 1847 380 1904 sunt.
397 1830 548 1905 AEmulis
559 1832 735 1931 siquidem
746 1830 1008 1920 invidentibus,
1022 1846 1059 1905 et
1070 1859 1146 1931 prae
1160 1832 1257 1905 iuri-

195 1947 254 2023 dia
267 1944 561 2021 mussitantibus:
583 1949 684 2047 Quia
698 1965 812 2021 musto
821 1949 929 2049 pleni
942 1965 1025 2021 sunt
1040 1950 1119 2037 isti,
1131 1951 1258 2023 Petrus

196 2063 326 2139 ardore
343 2062 584 2137 inflammatus
600 2062 703 2150 fidei,
727 2077 822 2135 stans
844 2088 927 2135 cum
946 2063 1113 2138 undecim
1133 2065 1255 2154 sociis,

196 2204 444 2284 vocemlsuam
471 2181 637 2269 elevavit,
665 2179 709 2253 de
733 2178 888 2253 adventu
914 2180 1069 2279 Spiritus
1094 2181 1258 2255 Paracliti

196 2296 307 2397 longe
318 2312 401 2370 ante
414 2324 478 2397 per
493 2296 707 2398 prophetam
717 2295 795 2370 Joet
810 2295 985 2396 praedicto
1001 2313 1262 2399 consequenter

197 2411 366 2487 disseruit
374 2441 386 2501 ;
406 2429 443 2486 et
458 2412 502 2486 de
517 2413 601 2485 Jesu
613 2412 798 2486 Nazareno
807 2464 818 2499 ,
837 2438 946 2512 quem
964 2413 1058 2486 Deus
1073 2416 1180 2488 Pater
1192 2415 1261 2486 vir·

199 2527 338 2603 tutibus
346 2582 358 2619 ,
372 2543 407 2603 et
423 2530 533 2628 signis
546 2543 653 2628 atque
669 2526 843 2629 prodigiis
857 2527 1066 2619 declaravit,
1081 2544 1118 2604 et
1129 2559 1149 2603 a
1162 2555 1263 2604 mor-

199 2645 271 2719 tuis
281 2660 365 2744 post
380 2644 582 2746 passionem
596 2645 712 2717 crucis
729 2645 836 2719 tertia
850 2643 908 2718 die
920 2645 1160 2734 resuscitavit,
1179 2673 1264 2747 pro-

198 2756 380 2833 habilibus
405 2759 574 2858 exemplis
596 2759 791 2832 Psalmistoe
811 2757 979 2858 prolatis,
1003 2762 1264 2834 veracissimam

200 2875 429 2949 assertionem
441 2873 695 2948 disseminavit.
708 2873 822 2947 Judaei
835 2899 922 2974 ergo
934 2872 1041 2948 corde
1053 2878 1262 2975 compuncti

201 3008 307 3082 sunt,
335 3006 373 3067 et
392 2990 583 3068 salubriter
606 3007 752 3092 recepto
778 3018 943 3066 sermone
963 2990 1132 3090 baptizati
1156 3011 1260 3081 sunt;

201 3108 403 3208 unimaeque
424 3107 646 3183 credentium
671 3109 710 3181 in
738 3107 798 3180 illa
818 3107 876 3183 die
896 3109 1041 3183 circiter
1062 3111 1131 3183 tria
1152 3111 1263 3184 millia

203 3224 373 3325 appositae
396 3240 480 3298 sunt
498 3225 568 3323 (a).
595 3222 681 3299 lude
703 3225 884 3324 primitiva
906 3227 1079 3325 processit
1095 3226 1260 3316 ecclesia,

202 3364 310 3441 quam
327 3340 482 3416 coelestis
498 3341 641 3441 copiose
657 3340 817 3440 perfudit
832 3342 958 3443 gratia.

248 3456 365 3531 Multa
385 3458 485 3559 signa
501 3474 538 3532 et
552 3457 713 3558 prodigia
735 3484 801 3558 per
814 3458 995 3557 apostolos
1013 3462 1052 3533 in
1069 3460 1263 3534 Jerusalem

203 3570 338 3648 fiebant
346 3628 359 3665 ,
377 3591 414 3649 ct
429 3575 587 3648 universi
602 3574 762 3649 videntes
779 3575 920 3650 insolita
937 3575 1158 3651 metuebant.
1178 3577 1262 3651 Om-

234 3911 246 3982 (
251 3912 276 3984 ι)
291 3912 404 3979 Arator,
417 3908 532 3966 d’abord
543 3909 688 3964 secreuit-e
696 3919 725 3964 et
735 3907 882 3964 intendant
890 3908 938 3964 des
946 3909 1065 3966 fiuanm
1075 3910 1259 3981 d’Atbalaric,

201 3998 263 4072 poia
278 3997 451 4054 wusdiaere
467 3997 502 4052 de
518 3995 622 4070 l’eglise
637 3996 775 4064 maraine,
789 3997 917 4069 pretenta
934 4015 969 4052 au
983 4016 1052 4071 pape
1072 3997 1177 4072 vigile,
1192 3997 1261 4056 dans

200 4085 306 4143 l'annde
316 4083 386 4155 544,
399 4086 438 4142 les
449 4086 536 4141 Actes
548 4084 598 4140 des
611 4083 733 4157 Apdtres
743 4085 797 4139 mis
808 4102 844 4140 en
855 4102 917 4139 vers
928 4084 1019 4140 latins.

235 4176 275 4246 (a)
293 4174 359 4231 Act.
371 4182 461 4244 apost.
478 4190 512 4241 u,
530 4174 604 4239 ι-4ι,
619 4172 726 4243 (Aunes
737 4169 772 4227 33
785 4170 895 4228 del‘ere
905 4172 1088 4244 cbmtienne.)
