2916 4958
256 403 316 465 rao
528 395 717 459 nrsvoma
737 395 1046 471 nucumasnm.
1102 480 1104 484 .

253 535 325 611 est,
342 522 419 620 jam
435 541 490 594 vu
509 517 613 598 annis
634 513 766 601 urbem
784 517 941 603 Romam
963 531 1001 592 et
1020 514 1180 601 redditus
1203 514 1329 605 aedo-

253 637 365 712 minia
394 660 497 735 papae
518 633 706 717 efficaciter
731 649 859 719 nactus¹
886 649 964 722 est;
983 633 1172 736 ipsumque
1196 633 1329 735 Apulia

252 781 337 835 oum
353 753 472 836 Sicilia
489 768 526 831 et
538 777 671 854 magno
687 752 831 837 clinare
849 751 976 839 mundi
990 769 1110 840 secuta
1127 753 1212 853 est(
1237 754 1270 852 ).

301 872 412 955 Anno
430 869 476 944 ab
495 871 745 955 incarnatione
760 872 909 957 Domini,
928 888 1110 957 ucrxxvr
1126 872 1329 951 indictione

251 1000 331 1069 κη’
353 988 530 1071 Henricus
546 1015 611 1069 rex
627 987 832 1088 Anglorum
850 1003 887 1063 et
906 987 980 1072 dur
1004 987 1304 1073 Normannorum
1314 1043 1326 1078 ‚

250 1105 348 1205 pacis
364 1119 402 1178 et
408 1104 561 1203 justitiae
577 1118 746 1188 strenuus
762 1118 916 1193 amator,
936 1116 974 1176 et
987 1102 1101 1177 fidelis
1114 1103 1180 1178 Dei
1190 1104 1326 1193 cultor,

250 1220 400 1307 inermis
414 1219 541 1320 populi
554 1234 757 1319 protector,
771 1218 1012 1320 Ecclesiaeque
1023 1235 1156 1293 sanetae
1168 1218 1329 1305 fervidus

250 1337 432 1429 defensor,
450 1339 489 1420 in
506 1354 623 1423 castro
646 1338 777 1425 Leonis
804 1336 876 1417 kal.
901 1334 1102 1426 decembris
1134 1337 1328 1427 defunctus

252 1473 331 1546 θεῖς
351 1472 387 1535 et
399 1483 531 1557 corpus
548 1460 622 1556 ejus
650 1453 870 1542 aromatibus
891 1455 1080 1544 conditum
1098 1456 1139 1531 in
1158 1455 1328 1558 Angliam

251 1573 442 1659 devectum
458 1589 529 1664 est,
550 1590 586 1660 et
604 1573 774 1674 Radingis
790 1573 830 1658 in
846 1571 989 1659 basilica
1010 1588 1142 1663 sanctae
1161 1573 1328 1655 Trinita-

252 1694 321 1782 tis,
340 1718 450 1793 quam
473 1692 547 1791 ipse
564 1688 749 1764 monachis
766 1704 1039 1778 construxerat,
1058 1689 1241 1790 sepultum
1258 1706 1325 1765 est.

250 1805 452 1907 Stephanus
467 1822 588 1892 autem
604 1833 648 1892 ex
664 1832 790 1881 sorore
808 1803 916 1891 Adala
935 1832 1046 1906 nepos
1063 1810 1137 1906 ejus
1154 1807 1194 1889 iu
1211 1832 1327 1909 regno

250 1924 436 2015 successit,
446 1927 594 2027 jamque
603 1938 747 1999 sextum
759 1923 861 2024 regni
875 1950 1014 2012 annum
1024 1925 1184 2025 peragit,
1197 1924 1236 2011 in
1250 1950 1327 2027 quo

250 2069 374 2144 graves
406 2068 529 2132 casus,
556 2040 693 2127 multos
718 2040 862 2116 dolores
890 2056 926 2116 et
955 2041 1080 2127 multis
1107 2041 1326 2117 detrimenta
1414 2090 1417 2095 -

249 2162 429 2262 parientes
458 2160 593 2234 attulit.
625 2159 717 2232 Nam
741 2175 869 2241 contra
890 2159 1054 2248 consules
1073 2159 1143 2241 sibi
1173 2157 1327 2235 rebelles

250 2276 424 2357 Lincoliae
449 2276 624 2377 pugnavit
645 2290 683 2350 et
705 2276 821 2349 victus
838 2293 909 2367 est,
930 2294 1053 2378 captus
1073 2278 1167 2352 etin
1183 2303 1326 2369 carcere

251 2393 426 2469 liodberti
439 2392 607 2468 Brihitou
623 2419 785 2478 moerens
797 2394 941 2473 vinctus
958 2396 1041 2493 est(
1066 2397 1097 2493 ).
1396 2400 1399 2405 ’

285 2640 326 2711 (ι)
343 2635 488 2692 Bandouin
506 2635 551 2703 11,
567 2635 609 2690 roi
622 2634 658 2689 de
669 2633 836 2703 Jerusalem,
850 2643 966 2701 mourut
977 2632 1004 2689 le
1016 2650 1047 2688 at
1060 2632 1128 2688 aurit
1145 2629 1220 2702 1131,
1231 2642 1262 2689 et
1273 2648 1324 2689 tou

249 2726 354 2802 gendre
368 2725 521 2802 Foulqnes,
539 2733 631 2780 comte
643 2723 781 2797 d'Anjon‚
796 2723 841 2780 sut
850 2725 993 2781 couronne
1004 2722 1031 2779 le
1048 2727 1079 2790 rt
1093 2721 1251 2796 septembre
1263 2721 1324 2778 sui·

248 2827 323 2875 vant.
342 2816 485 2872 Honorius
498 2824 612 2869 mourut
629 2813 656 2869 le
673 2818 704 2881 ¹l
722 2814 823 2870 levrier
841 2811 924 2882 11303
938 2814 1074 2876 innocent
1088 2814 1131 2883 ΙΙ,
1147 2831 1198 2869 son
1212 2831 1323 2870 moces·

247 2924 322 2974 seur,
336 2905 381 2961 sut
393 2907 506 2960 nomme
524 2903 552 2959 le
569 2901 728 2959 lendemain
746 2902 782 2965 ds
801 2902 890 2977 grand
907 2905 995 2958 matin
1010 2920 1062 2976 par
1079 2902 1150 2957 seiae
1169 2900 1322 2958 cardinaux

247 3007 328 3057 avant
340 3014 395 3071 que
407 2995 434 3050 la
447 2993 570 3050 mortdu
582 3013 652 3068 pape
660 2993 705 3049 sm
714 3012 840 3069 conane,
854 3007 883 3052 et
895 2994 1044 3069 l’antipape
1056 2993 1172 3051 Anaclet
1183 2994 1324 3070 parringt

246 3096 277 3142 et
294 3104 348 3153 nn,
364 3082 479 3139 aussitdt
492 3101 548 3158 que
565 3083 591 3138 la
609 3082 736 3138 nouvelle
753 3083 810 3139 a'en
827 3083 870 3138 lut
884 3082 1035 3158 repandae.
1053 3082 1269 3158 L’approbation
1286 3081 1322 3139 de

246 3176 318 3231 taint
336 3172 474 3242 Bernard‚
495 3173 658 3228 hautement
674 3172 834 3229 manifestee
846 3191 882 3228 en
895 3174 990 3228 laveur
1006 3173 1185 3240 d'Innooent,
1198 3191 1322 3246 engagea

245 3265 272 3321 la
285 3266 391 3320 France
407 3274 436 3319 et
448 3265 475 3318 le
485 3274 557 3318 reste
574 3262 610 3317 de
622 3262 809 3318 l’Occidentir
825 3263 851 3318 le
867 3264 1055 3329 reeouualtre3
1074 3262 1230 3336 oepcndant
1243 3260 1263 3317 il
1275 3262 1322 3336 n'y

245 3352 401 3410 determina
412 3353 524 3428 qu’avee
536 3351 656 3426 quelque
672 3350 754 3407 effert
767 3352 792 3407 le
802 3370 972 3427 monarque‚
987 3362 1016 3408 et
1028 3361 1139 3419 eumont
1150 3350 1190 3413 les
1203 3350 1322 3425 &tequea

245 3443 350 3516 anglais
362 3452 391 3498 et
410 3439 574 3508 normands,
595 3440 735 3514 peut-titre
747 3460 799 3514 par
817 3440 844 3496 la
863 3442 955 3496 raison
976 3459 1031 3515 que
1050 3440 1090 3497 les
1109 3440 1267 3497 Normands
1285 3439 1322 3498 de

245 3531 328 3588 Sicile
341 3531 448 3586 avaient
459 3531 518 3604 pris
531 3530 604 3605 parti
619 3548 691 3604 pour
702 3530 827 3586 Anaclet.
843 3531 920 3585 Nous
933 3548 1050 3604 croyons
1066 3531 1225 3605 aperoevoir
1239 3529 1321 3606 quel-

244 3639 314 3696 ques
331 3630 421 3676 traces
439 3619 475 3675 de
495 3638 527 3676 ce
540 3621 691 3675 sentiment
703 3619 771 3680 dana
789 3620 829 3676 les
844 3623 1017 3694 expressions
1033 3621 1102 3676 dont
1117 3640 1146 3677 ae
1166 3629 1223 3677 sert
1238 3631 1321 3679 notre

243 3721 343 3774 auteur
355 3729 428 3785 pour
440 3711 617 3766 caracteriscr
628 3710 766 3766 l’election
778 3710 944 3769 d’lnnocent
956 3735 962 3765 ι
977 3731 995 3766 a
1006 3711 1175 3786 quibusdam
1188 3720 1318 3769 noctu...

245 3801 282 3856 La
299 3811 374 3856 mort
387 3799 544 3869 d'Anaelet,
559 3801 665 3856 arrives
683 3799 709 3856 le
726 3819 742 3876 7
758 3801 866 3874 janvier
884 3799 966 3870 1138,
981 3801 1096 3857 tranche
1107 3800 1136 3856 la
1148 3799 1283 3875 querella.
1295 3800 1321 3856 11

243 3902 287 3947 eet
299 3890 395 3947 visible
407 3909 462 3967 que
478 3908 510 3946 ce
522 3891 696 3965 paragrapho
708 3909 724 3946 a
737 3893 781 3946 ete
793 3892 864 3947 ecrit
875 3902 955 3947 entre
967 3891 1068 3946 sevrier
1085 3888 1160 3966 1137,
1174 3899 1205 3946 et
1217 3889 1245 3946 le
1257 3908 1320 3946 mo-

244 3990 323 4036 ment
341 3981 379 4034 oti
397 3979 423 4034 la
436 3979 562 4035 nouvelle
581 3997 616 4035 en
633 3979 745 4052 parvint
762 3983 777 4035 t
795 3967 1014 4036 saint-Erronlt.
1035 3980 1072 4034 Le
1088 3989 1149 4034 mot
1161 3979 1262 4035 elimas
1278 3987 1322 4035 αἱ

244 4071 372 4146 employe
380 4071 415 4126 ici
423 4069 579 4144 pourzdne,
593 4071 725 4138 division,
737 4071 844 4144 region.
859 4072 947 4126 Notae
958 4080 1058 4126 auteur
1067 4068 1175 4143 parlera
1183 4079 1318 4138 convent,

244 4160 372 4218 ἀιωωιι
382 4160 451 4217 livre
464 4179 501 4231 n,
514 4159 563 4217 des
572 4171 672 4236 quatre
685 4160 792 4216 elimata
804 4159 844 4217 du
857 4159 969 4217 monde.

279 4255 319 4325 (a)
336 4253 415 4309 Nous
426 4269 523 4308 savona
535 4251 572 4308 de
583 4261 665 4309 noue
675 4261 777 4309 auteur
785 4250 933 4308 lui-meme
946 4269 1002 4326 que
1013 4249 1103 4308 lienri
1112 4248 1146 4305 1⁴³
1154 4267 1192 4307 ue
1202 4259 1319 4309 mourut
