2894 4958
523 438 640 501 LIBER
659 437 869 501 SECUNDUS.
1174 443 1230 504 291

166 558 301 637 frustra
315 563 370 661 (1)
386 561 510 634 fractae
524 559 687 649 fuerant,
702 559 1049 662 redintegrarentur,
1068 557 1235 635 obsecra-

166 681 235 754 vit.
259 680 359 780 Ergo
381 676 506 751 benun
527 678 682 752 loannes
699 677 899 777 fragmenta
916 701 1140 778 gemmarum
1156 673 1236 752 col-

166 796 275 900 legit,
290 797 379 871 etin
393 822 504 869 manu
516 821 577 868 sua
590 811 735 884 tenens,
749 795 894 871 elevatis
908 795 952 869 ad
969 796 1105 869 coelum
1122 796 1236 870 oculis

166 914 304 988 diutius
319 914 450 987 oravit.
466 911 639 987 Oratione
654 926 772 986 autem
791 912 893 985 linita
902 966 914 1004 ,
936 928 1130 1014 postquam
1145 912 1237 986 lide-

167 1030 234 1120 la,
249 1031 311 1131 qui
325 1029 474 1105 oderant
481 1084 492 1118 ,
507 1031 627 1102 Amen
639 1029 918 1129 responderunt,
931 1029 1128 1130 fragmenta
1143 1055 1238 1130 gem-

167 1170 311 1235 marum
330 1147 378 1219 ita
400 1144 549 1220 solidata
570 1161 676 1234 sunt,
704 1160 747 1218 ut
769 1170 837 1219 nec
862 1145 1005 1245 signum
1030 1143 1177 1245 aliquod
1194 1145 1238 1217 de

168 1288 214 1337 eo
228 1262 330 1363 quod
343 1261 467 1335 frnotae
484 1261 648 1351 fuerant,
662 1275 878 1336 remaneret.
894 1263 1000 1336 'l'uuc
1011 1262 1147 1338 Craton
1163 1260 1242 1363 phi-

169 1378 361 1480 losophus,
380 1406 464 1452 cum
479 1381 655 1454 universis
667 1379 850 1479 discipulis
863 1380 935 1453 suis
944 1435 956 1470 ,
971 1381 1123 1482 apostoli
1141 1379 1242 1482 pedi-

169 1494 439 1572 bnandvolutus
449 1497 622 1589 credidit,
635 1513 672 1572 et
681 1497 882 1597 baptizatus
893 1511 948 1572 est
957 1522 1041 1571 cum
1051 1496 1240 1585 omuibus;

169 1628 207 1687 et
223 1611 335 1688 fidem
350 1613 499 1687 Domini
521 1611 605 1688 Jesu
627 1610 772 1713 publice
791 1611 990 1713 praedioaus
999 1666 1010 1703 ,
1038 1641 1144 1689 verus
1169 1639 1242 1687 esse

168 1731 287 1829 ooepit
306 1727 555 1830 philosophus.
574 1730 691 1803 Porro
710 1727 784 1802 duo
800 1728 949 1818 fratres,
970 1730 1033 1829 qui
1056 1731 1156 1828 prius
1173 1755 1243 1804 ue-

169 1846 365 1948 quicquam
379 1873 436 1921 res
452 1873 531 1919 suas
546 1846 848 1945 dilapidaverant,
867 1844 1244 1947 obsequentes-Evan-

169 1963 268 2064 gelio
289 1989 445 2064 gemmas
471 1962 732 2053 vendiderunt,
753 1977 790 2036 et
808 1962 953 2037 Christo
972 1965 1011 2036 in
1028 1964 1244 2064 pauperibus

172 2096 425 2179 erogaverunt.
441 2079 589 2153 Infinita
603 2105 690 2154 vero
704 2079 812 2152 turba
825 2079 1048 2172 credentium
1062 2079 1244 2155 adhaerere

172 2196 339 2298 apostolo
355 2199 493 2298 coepit,
513 2201 658 2300 ejusque
675 2196 774 2298 sequi
790 2199 952 2299 vestigia.

218 2313 367 2388 Atticus
384 2329 421 2388 et
435 2315 616 2414 Eugenius
633 2313 712 2413 (2),
731 2312 805 2386 duo
819 2313 948 2388 fratres
965 2312 1134 2388 honorati
1153 2315 1245 2388 eivi-

172 2433 257 2506 tatis
277 2430 542 2531 Ephesiorum,
566 2430 771 2530 exemplum
791 2430 1050 2530 praedictorum
1067 2435 1244 2531 juvenum

172 2546 285 2622 secuti
307 2561 407 2620 suant.
434 2545 527 2620 Nam
548 2567 704 2647 quaeque
729 2543 859 2620 habere
881 2561 1052 2646 poterant
1069 2546 1244 2621 vendide-

173 2680 281 2754 runt,
295 2663 488 2764 Quisque
503 2662 701 2752 dederunt,
717 2678 755 2737 et
770 2662 926 2763 expediti
940 2678 1024 2764 post
1039 2665 1244 2764 apostolum

174 2778 345 2856 abemus
361 2806 427 2880 per
442 2781 603 2853 civitates
624 2795 771 2854 euntem
794 2796 831 2853 et
846 2778 1000 2853 verbnm
1021 2781 1087 2855 Dei
1110 2781 1245 2880 praedi-

175 2910 331 2971 nutem.
362 2896 528 2996 Contigit
551 2910 673 2969 autem
704 2909 747 2967 ut
775 2896 841 2994 ipsi
869 2894 997 2970 urbem
1031 2897 1243 2997 Pergamum

175 3014 374 3104 intrarent,
394 3011 585 3115 servosque
597 3039 679 3087 suos
691 3012 857 3087 viderent
870 3013 992 3087 sericis
1006 3010 1151 3088 indutos
1163 3039 1244 3087 ves-

178 3131 273 3205 tibus
286 3131 520 3232 prosedentes
537 3145 574 3204 et
595 3132 632 3203 in
646 3130 806 3202 saeculari
819 3129 933 3230 gloria
948 3129 1139 3230 fulgentes.
1156 3131 1243 3203 lude

176 3247 309 3323 diaboli
332 3249 459 3350 sagitta
485 3249 641 3348 percussi
668 3246 862 3321 admodum
885 3244 969 3319 facti
994 3261 1079 3318 sunt
1102 3247 1240 3334 tristes,

177 3365 276 3468 quod
286 3367 354 3467 ipsi
369 3393 446 3438 uno
458 3365 568 3465 pallio
582 3366 703 3438 amicti
717 3380 833 3439 essent
846 3379 1006 3465 egentes,
1024 3390 1144 3437 servos
1156 3390 1243 3438 rero

178 3505 258 3556 mos
285 3481 451 3556 riderent
477 3481 745 3579 potentissimos
773 3495 881 3580 atque
908 3477 1098 3578 fulgentes.
1126 3480 1241 3552 Porro

207 3827 251 3900 (ι)
267 3830 314 3884 Au
331 3827 390 3884 lieu
405 3828 443 3884 de
455 3846 490 3884 ce
507 3838 568 3883 mot
586 3851 592 3881 z
601 3827 732 3900 frustra,
751 3843 788 3881 ou
805 3836 903 3880 moure
918 3823 987 3878 dens
1003 3822 1030 3880 le
1045 3834 1120 3879 texte
1133 3824 1168 3880 de
1183 3826 1243 3880 Du·

180 3912 297 3981 chesne:
314 3916 460 3990 iusmsta.

212 4005 250 4076 (a)
269 4004 344 4060 Dans
355 4003 382 4058 la
398 4003 515 4080 legende
531 4003 681 4078 originale,
696 4020 740 4058 ces
750 4002 848 4073 jeunes
865 4018 931 4074 gens
948 4010 1011 4054 sont
1022 3999 1061 4054 les
1074 3999 1177 4056 memes
1190 4020 1245 4075 que

182 4089 402 4166 amassent..
