2894 4958
188 385 248 446 tot
464 379 647 442 HISTORIA
668 378 974 443 acetastssmcs.

189 503 326 578 cibatus
356 517 393 575 et
416 516 517 576 aceto
541 517 706 601 potatus,
732 517 774 574 ut
793 527 861 576 uos
888 502 924 576 in
951 520 1086 577 tertam
1110 502 1203 579 laete
1220 519 1256 580 et

188 623 295 697 melle
306 637 515 696 manantem
530 619 793 710 introduceret3
809 632 993 722 postremo
1006 621 1044 694 in
1061 620 1166 695 altari
1180 648 1256 696 eru·

189 742 238 816 cis
255 739 490 829 sacrificatus,
509 754 552 812 ut
573 739 685 812 totius
709 739 834 812 mundi
856 755 998 839 peccata
1018 740 1170 815 deleret.
1191 743 1255 815 llic

186 857 318 932 defecit
330 871 582 958 argumentum
595 853 728 929 diaboli
746 858 833 958 :qui
847 857 1002 931 vitulum
1015 872 1145 932 eontra
1161 859 1253 932 vitu·

186 977 264 1048 lum
284 991 320 1049 et
339 973 481 1047 hircum
501 988 626 1047 contra
646 971 787 1045 hircum
806 971 957 1063 fecerat,
978 1000 1114 1076 agnam
1130 990 1253 1050 eontra

187 1118 321 1193 agnum
342 1089 610 1183 immaculatum
637 1090 800 1165 invenire
824 1114 902 1164 non
928 1092 1062 1190 potuit.
1090 1098 1255 1165 Mortuus

188 1211 309 1310 itaque
326 1234 391 1282 rex
405 1222 529 1281 noster
544 1222 599 1281 est
607 1261 618 1294 ,
633 1221 676 1280 ut
691 1207 820 1280 mortis
834 1208 1026 1308 imperium
1040 1210 1251 1309 captivaret3

184 1325 344 1425 sepultus
359 1339 429 1417 est,
446 1337 488 1394 ut
500 1321 699 1420 sepulturas
718 1336 927 1396 sanctorum
938 1321 1170 1398 benediceret
1176 1354 1188 1412 ς
1203 1350 1254 1399 re·

186 1442 342 1515 surrexit
349 1495 360 1531 ,
373 1456 416 1511 ut
426 1439 580 1515 mortuis
589 1439 701 1512 vitam
711 1438 877 1514 redderet
884 1441 1067 1530 ,ascendit
1078 1444 1119 1514 in
1132 1442 1253 1535 coelos,

185 1577 228 1632 ut
253 1558 393 1633 homini
422 1584 500 1632 non
529 1558 647 1634 solum
672 1558 898 1658 paradisum,
930 1586 1041 1661 quem
1070 1561 1252 1652 amiserat,

186 1677 412 1765 restitueret,
431 1677 667 1749 verumetiam
683 1675 864 1749 coelorum
874 1679 999 1776 januas
1009 1678 1180 1777 aperiret.
1195 1677 1254 1750 Se-

186 1793 247 1867 det
266 1818 364 1865 nunc
381 1792 424 1865 ad
437 1792 620 1867 dexteram
635 1791 750 1866 Patris
759 1846 770 1881 ,
790 1807 833 1864 ut
849 1794 1076 1867 credentium
1091 1793 1254 1894 precihus

185 1927 334 1983 annuat.
349 1909 534 1984 Venturus
545 1923 598 1983 est
610 1925 730 1983 autem
740 1909 900 2007 judicare
912 1913 1013 1987 vivos
1026 1927 1064 1984 et
1073 1927 1252 1999 mortuos,

185 2044 228 2100 ut
243 2028 368 2102 reddat
384 2026 580 2126 unicuique
591 2026 788 2099 secundum
800 2053 906 2127 opera
920 2054 996 2101 sua.
1009 2030 1097 2101 Haec
1109 2044 1165 2102 est
1175 2054 1253 2102 vera

186 2144 272 2219 fides
289 2142 591 2217 Christianorum.

235 2264 398 2360 Cumque
411 2260 580 2332 Silvester
594 2258 671 2331 lsaec
685 2273 722 2332 et
738 2260 851 2332 multa
866 2261 934 2334 alia
947 2262 1062 2337 valide
1077 2249 1255 2338 disseruis-

186 2393 259 2464 set,
279 2391 315 2449 et
327 2370 453 2449 Seleon
466 2374 543 2447 aliis
554 2375 687 2447 Judaeis
703 2374 905 2449 tacentibus
916 2377 1147 2477 allegationes
1159 2404 1256 2479 pape

186 2491 354 2565 laudibus
379 2490 581 2580 extulisset,
606 2489 837 2566 duodecimus
860 2490 1026 2586 Zambri,
1051 2496 1116 2595 qui
1140 2520 1255 2596 magus

189 2623 266 2683 erat
282 2606 610 2695 artificiosissimus,
629 2609 782 2698 restitit,
798 2608 1093 2684 nec-authenticis
1105 2611 1257 2710 seriptu-

188 2753 312 2801 rarum
330 2722 576 2814 sermonibus,
594 2725 653 2798 sed
668 2727 811 2826 magicis
827 2725 965 2800 actibus
984 2728 1181 2828 confligere
1193 2752 1257 2826 op-

190 2848 300 2936 tavit,
325 2861 540 2946 taurumque
559 2843 821 2918 ferocissimum
846 2845 912 2917 sibi
937 2869 1060 2920 coram
1088 2845 1257 2921 omnibus

191 2962 317 3036 adduci
342 2962 460 3061 petiit.
481 2960 568 3034 Mox
589 2987 677 3060 papa
701 2976 739 3033 et
757 2959 921 3061 Augusto
943 2961 1255 3061 praecipientibus,

193 3099 317 3155 taurus
334 3079 517 3166 Terentii,
541 3102 650 3178 quem
672 3079 898 3152 vincentum
921 3079 1109 3152 fortissimi
1133 3078 1259 3152 milites

194 3217 317 3276 tenere
342 3209 560 3298 potuerunt,
587 3211 640 3268 est
664 3196 849 3269 adductus.
877 3194 919 3269 ln
945 3200 1045 3295 cujus
1070 3222 1197 3270 aurem
1224 3209 1259 3268 at

196 3316 339 3392 Zambri
358 3314 539 3416 quoddam
558 3330 735 3386 secretum
757 3313 865 3401 dixit,
885 3314 1005 3386 statim
1022 3315 1134 3388 miser
1146 3311 1259 3414 mugl-

198 3451 277 3508 tum
307 3431 406 3505 dedit
436 3447 473 3503 et
502 3429 760 3504 violentissime
786 3427 906 3528 ejectis
932 3428 1045 3503 oculis
1073 3431 1257 3530 expiravit.

197 3554 303 3625 Tunc
321 3572 447 3623 omnes
468 3546 582 3618 Judaei
607 3545 760 3618 nimium
778 3545 994 3618 insultavere
1010 3545 1211 3637 Silvestro,
1230 3560 1262 3620 et

196 3695 262 3767 per
280 3671 432 3740 duarum
447 3663 523 3737 fere
540 3661 712 3736 horarum
729 3664 838 3761 spatia
856 3664 1045 3762 personuit
1067 3665 1261 3737 tumultus-

197 3786 264 3857 tio.
283 3764 447 3882 Denique
467 3779 630 3880 Augusto
653 3781 852 3879 imperante
871 3779 1075 3868 silentium,
1099 3780 1262 3864 silvester

200 3900 369 3973 convenit
383 3896 603 3984 maleficum,
622 3922 771 3996 poscens
787 3909 829 3967 ut
846 3896 938 3967 sicut
955 3911 1098 3967 taurum
1116 3896 1260 3971 interfe-

201 4031 296 4089 cerat
314 4016 435 4086 vivum
446 4069 457 4101 ‚
478 4016 527 4088 sic
545 4013 711 4089 eumdem
729 4015 767 4087 in
789 4015 852 4087 Dei
870 4014 1019 4086 nomine
1041 4016 1260 4088 resuscitaret

200 4150 399 4209 mortuum.
416 4133 522 4225 Quod
540 4132 599 4206 ille
615 4132 778 4231 nequivit
793 4131 930 4227 facere,
950 4129 1011 4206 sed
1025 4131 1143 4230 palam
1156 4130 1259 4231 eoepit
