2894 4958
259 334 300 397 ⁴0
533 335 715 397 HISTORIA
736 336 1038 398 ECCLESIASTICA.

259 458 329 529 nit.
353 456 432 529 Illic
449 457 600 528 seducaei
618 473 655 530 et
676 456 840 554 pherisaei
863 484 948 531 eum
965 474 1196 532 tentaverunt
1214 486 1256 532 ae
1278 474 1320 532 ut

259 573 310 647 eis
336 571 380 645 de
408 571 505 645 coelo
534 572 677 671 signum
703 574 907 648 ostenderet
929 593 1165 676 rogaverunt,
1196 579 1322 676 parvi-

257 687 454 787 pendentes
485 686 583 788 quod
612 687 656 761 de
682 704 818 788 septem
847 688 1000 788 panibus
1026 708 1183 792 quatuor
1206 693 1321 764 millia

257 800 449 875 hominum
477 804 638 901 paverit,
672 817 709 876 et
737 804 900 904 reliqniis
928 820 1064 903 septem
1092 822 1230 905 sportas
1259 832 1322 880 re-

255 919 421 1018 pleverit.
456 920 505 992 At
530 919 590 992 iile
616 920 836 1017 proterviam
864 945 990 992 eorum
1015 916 1223 1022 redinguit,
1250 923 1322 997 eis·

256 1062 326 1137 que
351 1038 516 1137 signum,
544 1037 612 1109 nisi
639 1038 782 1136 signum
803 1038 906 1110 Jonae
932 1038 1136 1137 prophetoe,
1166 1041 1322 1142 denega-

258 1154 328 1242 vit,
353 1170 390 1227 et
412 1153 546 1225 relictis
571 1152 640 1223 illis
659 1178 785 1224 navem
813 1151 970 1226 aseendit
999 1167 1036 1227 et
1061 1154 1321 1228 transfretum

258 1266 376 1365 abiit(
400 1267 430 1365 ).

307 1381 505 1456 Bethsaidae
521 1399 666 1484 rogatus
682 1399 791 1458 estut
809 1410 942 1458 eaeeum
959 1402 1133 1487 tangeret.
1154 1386 1219 1461 llle
1233 1412 1322 1461 vero

257 1524 404 1572 manum
428 1500 512 1573 caeci
534 1499 791 1599 apprehendit,
822 1526 905 1574 eum
929 1517 1029 1576 extm
1053 1505 1175 1576 vicum
1197 1501 1324 1576 eduxit

259 1630 320 1704 et,
346 1640 503 1715 expuens
521 1616 559 1688 in
575 1616 699 1689 oeulos
722 1620 815 1716 ejus,
841 1643 966 1691 manus
981 1645 1059 1693 suas
1076 1619 1267 1717 imposuit;
1286 1633 1324 1692 et

259 1730 305 1803 ab
331 1757 397 1821 eo,
419 1733 446 1805 si
467 1732 602 1833 aliquid
621 1733 779 1821 videret,
807 1734 1054 1833 interrogavit.
1084 1735 1135 1807 At
1155 1733 1215 1809 ille
1237 1735 1319 1806 ait:

262 1848 384 1920 Video
412 1848 574 1922 homines
602 1853 713 1949 quasi
737 1847 884 1921 arbores
913 1850 1153 1923 ambulantes.
1185 1852 1323 1923 lterum

258 1990 385 2037 marrus
402 1991 509 2064 super
526 1965 650 2037 oculos
668 1969 743 2063 ejus
769 1966 953 2063 imposuit.
977 1965 1042 2038 lile
1066 1965 1180 2063 eoepit
1202 1964 1324 2039 videre

259 2095 296 2154 et
311 2083 499 2154 restitutus
513 2097 586 2171 est,
607 2083 655 2152 itu
673 2096 715 2152 ut
733 2079 826 2153 clare
843 2079 978 2155 videret
994 2082 1130 2156 omnia.
1151 2084 1256 2154 Tunc
1273 2082 1325 2153 ait

260 2197 313 2269 illi
334 2229 342 2266 :
362 2198 473 2269 Vade
490 2201 528 2269 in
541 2199 689 2270 domum
704 2214 803 2269 tuam
818 2213 871 2286 et,
888 2202 973 2270 siin
987 2202 1109 2273 vicum
1127 2201 1322 2287 r'mmiens,

260 2316 398 2386 nemini
413 2314 585 2410 dixeris(
608 2316 637 2411 )

309 2433 479 2531 Egressus
491 2433 608 2521 Jesns,
628 2433 667 2503 in
684 2434 824 2506 castella
841 2441 1010 2509 Caesareae
1027 2433 1183 2534 Philippi
1201 2437 1321 2529 venit,

260 2564 297 2623 et
312 2575 332 2619 a
348 2547 530 2645 discipulis
548 2549 620 2620 suis
643 2550 681 2620 in
700 2550 755 2620 via
764 2603 776 2638 ‚
795 2549 884 2650 quid
902 2548 1065 2624 homines
1085 2550 1325 2650 opinarentur

259 2663 304 2736 de
323 2662 386 2734 illo
409 2662 656 2761 interrogavit.
677 2664 727 2735 At
746 2663 798 2734 illi
815 2662 985 2738 dixerunt
1011 2696 1020 2736 ε
1045 2664 1129 2736 Alii
1141 2665 1324 2737 Ioannem

261 2780 488 2879 Hominum,
509 2779 580 2851 alii
598 2780 767 2868 Heliam,
796 2779 867 2852 atii
883 2781 1102 2870 Ieremiam,
1122 2797 1187 2854 aut
1211 2806 1324 2852 unum

260 2921 307 2966 en
318 2894 522 2996 prophetis.
538 2894 637 2967 Dicit
654 2894 723 2966 illis
738 2897 837 2967 Jesus
859 2926 868 2966 ε
891 2896 970 2969 Vos
987 2912 1125 2984 autem,
1144 2921 1249 2994 quem
1267 2920 1325 2967 me

259 3036 336 3083 esse
351 3008 505 3082 dicitis?
526 3011 758 3110 Respondens
780 3009 905 3083 Simon
923 3011 1048 3084 Petrus
1064 3011 1157 3083 dixit
1179 3042 1187 3081 ε
1210 3011 1269 3082 Τιι
1285 3037 1324 3082 es

261 3125 447 3214 Christus,
463 3124 572 3224 filius
602 3126 676 3199 Dei
698 3127 785 3200 oiri.
815 3126 1047 3224 Respondens
1078 3140 1198 3199 autem
1222 3127 1323 3197 iesus

257 3240 350 3313 dixit
371 3243 404 3315 ei
435 3273 443 3312 :
465 3243 603 3315 Beatus
627 3269 684 3330 es,
711 3242 840 3316 Simon
855 3244 1025 3343 Barjono
1035 3299 1048 3331 ,
1076 3245 1164 3341 quia
1184 3268 1273 3315 caro
1288 3256 1325 3313 et

257 3359 410 3457 sanguis
435 3384 509 3431 non
530 3359 695 3434 revetavit
724 3357 807 3448 tibi,
838 3358 905 3430 sed
929 3360 1045 3429 Pater
1067 3382 1167 3429 meus
1190 3359 1257 3455 qui
1284 3359 1323 3427 in

257 3476 360 3549 coelis
374 3492 437 3549 est.
455 3477 509 3548 Et
524 3502 592 3576 ego
606 3477 691 3549 dico
703 3475 772 3547 tibi
787 3477 877 3574 quia
894 3491 933 3547 tu
948 3502 985 3547 es
1001 3475 1133 3546 Petrus
1137 3529 1152 3562 ,
1167 3489 1203 3546 et
1214 3498 1326 3574 super

256 3592 354 3666 hane
372 3610 517 3694 petram
541 3591 733 3691 aedificabo
762 3591 956 3664 ecelesiam
982 3616 1099 3661 nzeam
1111 3623 1127 3676 ;
1146 3604 1180 3659 et
1200 3604 1323 3690 ponoe

292 3944 331 4014 (ι)
348 3944 449 4000 matth.
463 3961 510 4011 xv,
531 3939 583 4015 39;
604 3959 663 4007 xvi,
684 3938 830 4005 123Marc.
850 3955 914 4004 vni,
940 3951 1028 3991 10·2t.
1043 3934 1128 4004 -(2)
1147 3932 1233 3988 Mare
1256 3949 1320 4000 vnr,

257 4030 351 4085 nuo.
