2894 4958
421 425 541 489 tmsstt
558 425 772 511 SECUNDUS.
1073 432 1131 494 tut

102 550 128 625 si
153 548 256 647 prius
283 542 546 644 hospitabatur,
572 546 737 645 repetiit;
763 562 800 618 et
828 544 914 618 illuc
937 549 1136 622 amicorum

104 665 222 737 urima
248 660 379 737 cohors
405 660 449 733 ad
472 684 556 735 eum
578 659 735 761 gaudens
760 663 945 736 convenit.
973 664 1138 764 Denique

102 780 221 855 radam
232 779 312 867 die,
325 778 412 852 dum
425 779 570 851 salutari
582 777 762 851 doctrinae
776 779 982 872 inserviret,
994 795 1031 854 et
1044 779 1138 852 circa

102 923 252 998 speram
270 897 307 969 in
324 895 513 970 coenaculo
528 895 670 969 editiori
688 895 813 969 turbas
826 896 1004 986 erudiret,
1018 900 1141 971 Patro·

102 1039 143 1086 us
161 1012 332 1111 pincerna
349 1011 473 1110 regisa
490 1010 742 1085 consodalibus
755 1012 827 1084 suis
846 1013 1040 1102 invitatus,
1056 1013 1140 1085 θω-

102 1130 156 1205 ris
168 1155 206 1204 se
217 1126 420 1202 subducens
435 1127 658 1228 aspectibus,
673 1128 717 1202 od
733 1127 932 1228 hospitium
947 1129 1045 1204 Pauli
1060 1157 1142 1230 per·

102 1247 167 1323 uit
185 1271 352 1345 vespere,
371 1260 414 1317 ut
436 1244 578 1320 audiret
594 1245 810 1321 documenta
831 1247 917 1320 ritoe
940 1263 1138 1348 perpetuae.

102 1363 141 1441 sd
154 1390 239 1439 cum
250 1390 327 1464 prae
336 1362 573 1438 multitudine
581 1363 707 1464 populi
721 1363 766 1437 ad
776 1365 989 1465 magistrum
1003 1363 1141 1466 ingredi

102 1505 150 1557 un
170 1495 309 1580 posset,
329 1495 371 1552 ut
389 1479 542 1554 verbum
558 1481 645 1569 Dei,
664 1479 764 1582 qnod
781 1481 965 1556 ferventer
980 1481 1142 1575 amabat,

102 1597 298 1675 ammodius
314 1596 474 1687 audiret,
496 1596 541 1670 ad
556 1597 750 1672 fenestram
769 1599 1002 1672 excelsiorem
1017 1624 1145 1672 ascen-

102 1716 147 1805 it,
162 1731 201 1790 et
216 1741 315 1789 secus
327 1740 405 1788 eam
419 1713 524 1788 sedit.
540 1713 678 1790 Verum
695 1740 779 1787 cum
794 1713 958 1813 profluus
972 1740 1093 1789 sermo
1105 1715 1145 1787 in

102 1856 226 1932 sogum
248 1830 522 1931 protraheretur
542 1846 578 1905 et
592 1833 735 1930 juvenis
758 1857 889 1906 somno
909 1832 1144 1932 fatigaretur,

102 1948 266 2023 isidiante
287 1947 418 2021 invidia
442 1947 576 2021 diaboli
593 1948 782 2049 paululum
797 1948 996 2024 dormitare
1012 1951 1145 2049 coepit;

102 2064 276 2168 sdensque
291 2066 336 2141 de
352 2066 509 2140 fenestra
523 2067 605 2138 satis
620 2067 747 2141 excelsi
761 2067 961 2158 coenaculi,
979 2068 1147 2166 spiritum

102 2180 255 2257 rbalarit
275 2183 347 2281 (1).
374 2182 480 2277 Quod
503 2208 589 2257 mox
609 2183 747 2258 Neroni
764 2208 783 2256 a
800 2181 932 2256 balneo
951 2184 1147 2257 revertenti

104 2298 288 2375 untiatum
303 2315 369 2373 est.
384 2298 490 2372 Unde
504 2298 617 2388 idem,
632 2300 715 2400 quia
723 2300 896 2398 juvenem
908 2299 1009 2373 valde
1021 2298 1151 2374 dilexe-

102 2433 156 2504 rt,
171 2417 406 2491 contristatus
420 2432 474 2489 est
480 2445 490 2504 3
506 2417 668 2517 aliusque
683 2418 719 2489 in
738 2416 822 2492 loco
838 2420 913 2516 ejus
925 2417 969 2491 nd
982 2420 1058 2491 vini
1073 2419 1149 2491 offi-

102 2533 178 2619 ium
193 2532 379 2606 ordinatus
398 2551 464 2606 est.

126 2648 259 2721 Paulus
280 2674 392 2737 veru,
410 2649 474 2749 qui
498 2649 653 2748 populos
673 2649 772 2720 intus
789 2647 1008 2739 instruebat,
1028 2652 1150 2725 statim

102 2791 145 2840 er
161 2765 340 2865 Spiritum
358 2767 531 2867 cognorit
552 2765 652 2868 quod
667 2782 808 2868 gestum
824 2781 921 2857 erat,
940 2768 1151 2870 populoque

102 2883 251 2957 retenti
283 2883 489 2971 nuntiavit,
521 2880 662 2983 sibique
695 2908 827 2982 corpus
856 2883 1019 2956 exanime
1052 2884 1152 2958 illico

102 2999 200 3075 fferri
219 3002 405 3100 praecepit.
425 3000 562 3074 Deinde
588 3000 696 3075 allato
718 3000 905 3090 cadavere,
926 3002 1055 3075 Paulus
1072 3003 1152 3103 ple-

102 3142 165 3191 em
183 3117 361 3190 allocutus
377 3133 452 3207 est,
476 3143 517 3190 ac
534 3133 577 3190 ut
591 3118 696 3216 plena
713 3116 784 3191 lide
796 3143 866 3217 pro
882 3118 1153 3195 resuscitatione

102 3235 220 3311 nortui
239 3236 437 3309 Dominum
450 3236 573 3310 Jesum
589 3252 736 3311 orarent
750 3235 961 3311 exhortatus
977 3253 1043 3312 est.
1062 3238 1154 3312 Uni·

102 3352 194 3428 'ersis
210 3353 366 3426 orationi
383 3351 728 3452 procumbentibus,
749 3352 851 3426 finita
869 3379 978 3453 prece
995 3354 1047 3426 ait
1064 3355 1155 3426 Pau·

102 3494 140 3542 ns
159 3499 169 3540 ε
188 3467 414 3542 Adolescens
429 3468 604 3543 Patrocle
609 3524 623 3558 ,
637 3454 796 3568 surge'et
813 3496 926 3542 narra
938 3486 1077 3570 quanta
1090 3469 1158 3544 tibi

102 3583 212 3658 bosut
236 3584 432 3659 Dominus.
458 3586 545 3659 Mox
568 3583 754 3659 Patroclus
783 3600 956 3686 tanquam
980 3612 1001 3658 a
1025 3611 1155 3661 somno
1186 3636 1189 3642 ,

102 3702 262 3789 arrexit,
281 3719 318 3775 et
341 3701 542 3802 glorificare
565 3701 681 3777 Deum
707 3702 998 3803 omnipotentem
1025 3705 1153 3804 coepit.

121 4023 132 4093 (
136 4025 161 4092 1)
178 4023 244 4078 Ceci
255 4033 298 4078 est
309 4021 383 4078 l’une
395 4021 443 4076 des
452 4020 678 4095 reproductions,
693 4021 716 4076 si
729 4020 888 4096 frequentes
898 4019 966 4075 dans
979 4019 1018 4077 les
1026 4021 1156 4096 legendos

102 4111 272 4185 pocrypbes,
285 4110 324 4165 du
338 4111 448 4166 miracle
458 4129 508 4184 par
519 4110 609 4185 lequel
623 4128 692 4165 nous
704 4128 806 4167 venons
816 4110 851 4166 de
866 4111 925 4167 voir
939 4129 995 4186 que
1005 4112 1076 4168 saint
1087 4113 1155 4169 Paul

102 4202 159 4257 uait
174 4200 318 4259 maist
329 4200 355 4259 le
361 4201 447 4273 jeunc
459 4200 602 4274 Eutychus
614 4200 649 4256 de
661 4199 813 4275 Philippos.
