2894 4958
264 452 302 512 18
534 446 715 508 Htstottll
737 444 1039 508 ECClsffilASTlCA.

150 552 153 559 ’
264 591 479 666 corporum,
507 581 543 638 et
566 565 775 654 tormentis,
802 563 839 638 id
863 578 916 639 est
942 567 1055 639 acutis
1077 565 1321 664 passionibus,

263 679 556 782 comprehensos,
574 682 689 783 etqui
707 679 885 755 demonia
902 678 1081 756 habebant
1096 698 1132 756 et
1143 682 1323 759 lunaticos

263 815 301 875 et
317 799 550 900 paralytioos,
569 814 607 873 et
621 798 763 871 curavit
777 798 871 897 eos(
894 798 926 893 ).
1051 810 1057 817 '

312 916 447 993 Turbae
467 920 552 1018 erg'o
574 916 699 991 multte
720 931 850 990 seoutoe
867 930 953 988 sunt
967 939 1051 989 eum
1066 913 1110 988 de
1124 912 1270 988 Galilaea
1285 931 1324 989 et

221 1068 222 1071 ¹
262 1033 430 1136 Decapoli
440 1089 452 1124 ,
470 1033 514 1110 de
529 1033 761 1135 lerosolymis
779 1048 817 1107 et
834 1031 955 1105 Judaea
965 1087 977 1122 ‚
996 1031 1094 1106 etde
1113 1047 1211 1105 trans
1236 1033 1325 1106 Jor-

261 1151 411 1240 danem,
435 1151 636 1226 intentione
652 1149 956 1252 quinquepartita.
972 1147 1043 1222 Alii
1060 1149 1158 1222 enim
1173 1165 1325 1251 propter

262 1270 408 1346 ooeleste
425 1268 691 1369 magisterium,
710 1280 752 1339 ut
768 1264 931 1365 discipuli
941 1293 952 1355 3
972 1264 1031 1338 alii
1053 1279 1204 1365 propter
1221 1291 1323 1338 cura-

264 1388 403 1461 tionem
428 1384 699 1471 infirmitatum
727 1382 785 1455 alii
799 1381 885 1472 sola
911 1380 1005 1455 fama
1030 1395 1067 1455 et
1090 1380 1322 1471 curiositate,

262 1501 424 1576 volentes
443 1501 597 1600 experiri
617 1524 747 1573 verme
769 1511 885 1572 esseut
906 1522 988 1597 quae
1010 1494 1243 1584 dicebantur3
1264 1495 1324 1568 alii

263 1631 415 1717 propter
437 1614 630 1704 invidiam,
651 1613 811 1691 volentes
836 1638 917 1687 eum
943 1612 982 1686 in
1001 1611 1123 1714 aliquo
1147 1636 1272 1711 capere
1288 1627 1324 1686 et

263 1758 449 1820 accusare;
484 1730 630 1833 quidum
661 1733 768 1833 etiarn
796 1728 1037 1832 sequebantur
1065 1757 1150 1805 eum
1174 1745 1325 1829 propter

265 1849 490 1949 corporalem
504 1850 643 1933 vietum
659 1850 675 1946 (
700 1849 728 1945 ).

313 1965 447 2044 Videns
475 1978 594 2038 autem
611 1961 734 2036 turbas
758 1963 885 2052 Jesus,
905 1961 1064 2036 aseendit
1081 1964 1120 2037 in
1142 1980 1323 2052 montem
1404 2036 1409 2046 ,

208 2152 211 2158 .
264 2097 402 2159 etcum
420 2077 584 2168 sedisset,
603 2076 647 2150 ed
660 2100 743 2150 eum
755 2093 978 2151 aooeuerunt
989 2077 1154 2177 discipuli
1171 2084 1258 2180 ejus.
1277 2083 1328 2155 Et

264 2195 427 2296 aperiens
448 2217 632 2284 ossuum,
654 2192 718 2292 qui
739 2189 829 2265 olim
844 2206 1030 2290 aperuerat
1048 2217 1111 2266 ora
1130 2192 1328 2294 prophete-

264 2335 372 2398 rum,
401 2305 513 2380 edidit
539 2305 723 2406 prolixum
749 2329 952 2402 sermonem
976 2308 1077 2381 omni
1105 2307 1328 2408 perfectione

265 2427 432 2528 plenum;
451 2424 490 2496 in
504 2449 578 2523 quo
591 2421 741 2523 pulchre
757 2437 794 2496 et
808 2423 947 2499 utiliter
962 2425 1142 2523 apostolos
1157 2426 1276 2502 erudit
1291 2444 1328 2501 et

266 2543 460 2632 informen
477 2556 539 2633 ut,
556 2543 619 2642 qui
640 2568 705 2643 per
720 2542 880 2640 Moysem
896 2542 934 2615 in
954 2542 1050 2616 Sinai
1066 2559 1193 2619 monte
1212 2544 1328 2646 legem

267 2660 429 2753 dederat,
449 2662 488 2735 in
504 2661 649 2735 Galilaea
667 2661 705 2733 in
719 2675 846 2762 urente
866 2657 1013 2735 Thabor
1028 2686 1111 2735 suos
1127 2661 1253 2737 docent
1262 2716 1274 2753 ,
1292 2679 1330 2736 et

266 2777 490 2881 perfectione
506 2777 616 2852 totius
625 2776 775 2876 justitiae
789 2773 937 2851 imbuat.
957 2777 1049 2850 Nam
1063 2776 1107 2852 de
1118 2793 1203 2852 octo
1217 2776 1330 2853 beuti-

211 2895 213 2899 ’
267 2895 466 2977 tudinibus,
481 2896 586 2996 plane
613 2894 779 2970 disseruit
802 2911 840 2969 et
867 2895 993 2970 ceteris
1016 2893 1191 2969 mandatis
1214 2897 1327 2997 legis,

267 3040 377 3116 quam
397 3038 473 3088 non
491 3014 649 3102 solvere,
668 3011 730 3087 sed
748 3011 941 3111 adimplere
958 3013 1077 3101 venit3
1097 3029 1134 3086 et
1150 3028 1330 3113 praeoepta

264 3156 373 3206 novae
386 3130 473 3231 legis
484 3131 636 3203 arctiora
647 3155 757 3231 quum
768 3129 897 3203 veteris
913 3129 1115 3204 testamenti
1128 3127 1227 3219 dicit,
1242 3128 1331 3203 dum

269 3247 436 3322 inimicos
457 3248 562 3322 etiam
587 3247 686 3350 diligi
707 3247 897 3347 praecipit,
926 3262 963 3321 et
984 3246 1265 3321 misericordiam
1291 3248 1330 3322 in

270 3364 415 3439 occulto
436 3361 650 3452 faciendam,
669 3377 707 3437 et
727 3362 839 3436 multu
857 3361 923 3437 alia
944 3361 1114 3463 perfectae
1131 3362 1216 3436 vitae
1233 3364 1329 3460 jussa

270 3477 464 3578 depromit.
485 3480 536 3553 De
554 3478 719 3556 thesauro
734 3481 772 3552 in
784 3478 878 3555 coelo
891 3477 1097 3570 condendo,
1111 3477 1155 3552 de
1171 3504 1214 3553 eo
1230 3481 1331 3579 quod

272 3596 393 3668 nullus
414 3598 526 3697 possit
549 3595 689 3673 duobus
711 3595 867 3671 dominis
888 3597 1038 3685 servire,
1063 3596 1107 3670 de
1128 3595 1334 3670 volatilibus

273 3728 311 3785 et
327 3712 411 3786 liliis
427 3715 521 3815 agri,
539 3712 584 3787 de
598 3713 732 3788 festuca
750 3730 786 3787 et
801 3713 902 3789 trahe
922 3714 961 3787 in
978 3713 1105 3802 oculo,
1124 3713 1169 3786 de
1192 3739 1334 3813 marga-

272 3829 351 3902 ritis
369 3847 451 3905 ante
468 3856 596 3931 porcos
614 3856 690 3904 non
710 3830 915 3922 mittendis,
934 3830 978 3921 de
992 3831 1145 3904 introitu
1162 3829 1206 3903 ad
1223 3830 1335 3902 vitam

307 4119 346 4188 (r)
364 4118 464 4175 Manu.
482 4136 523 4186 tv,
539 4116 587 4188 25,
610 4120 654 4186 sl.
667 4118 753 4190 ··(²l
766 4118 865 4174 liant.
880 4135 922 4187 tv,
940 4116 991 4188 253
1006 4119 1091 4175 Marc.
1107 4135 1153 4186 ιιι,
1168 4136 1198 4192 7,
1212 4118 1247 4184 ὃς
1267 4117 1332 4172 Luc.

275 4224 317 4271 vt,
334 4224 372 4278 ιγ.
