2894 4958
192 358 226 411 ‘n
465 334 644 397 HISTORIA
667 330 970 395 Ecetrslas‘stca.

187 498 277 551 tuin,
296 478 332 539 nt
347 484 416 563 pno
432 452 603 531 omnibus
621 453 683 554 qui
705 452 886 535 credituri¹
899 471 1002 528 erant
1017 481 1082 554 per
1098 453 1255 529 verbum

186 608 313 663 «tuton
338 580 374 650 in
397 574 532 659 Deum,
555 571 758 645 omtionem
775 570 983 672 benigniter
1001 571 1190 671 proludit3
1215 572 1254 645 in

185 726 255 803 qun
271 692 386 769 riittlto
399 691 532 786 majora
548 713 656 787 quam
671 685 824 758 humana
841 686 1014 788 fragilitas
1029 702 1153 787 petere
1164 712 1254 787 prae·
1276 692 1281 699 '

186 811 405 915 aitanpaissct,
415 830 483 904 pro
491 802 1254 906 nobisnPatreclementissimusoratorpoc-

188 928 317 1009 tuluvit
331 926 347 1025 (
355 925 402 1022 r).
422 920 527 993 'l'unc
537 919 732 995 secuudum
746 923 878 993 Lucam
887 923 1076 996 contentio
1086 923 1184 996 inter
1191 923 1255 997 dic·

187 1044 325 1149 oipulos
337 1040 430 1115 factu
440 1052 493 1111 cst
501 1090 512 1124 ,
530 1037 611 1137 quis
622 1061 750 1110 corum
763 1038 945 1112 videretur
958 1066 1031 1113 esse
1041 1043 1171 1140 major.
1187 1038 1255 1114 Sed

187 1159 342 1241 tiuilmtis
361 1156 491 1230 doctor
508 1153 553 1225 nd
572 1152 812 1228 humilitatem
831 1181 892 1229 eos
911 1157 1082 1257 exemplis
1100 1158 1254 1232 omnino

188 1273 399 1383 provocavit
411 1287 448 1345 et
463 1271 581 1344 dictis.
598 1268 839 1344 Imbecillium
856 1274 977 1374 itaque
995 1273 1253 1374 discipulorum

187 1390 462 1471 contentionem
477 1386 537 1484 pie
553 1387 794 1484 compescuit,
810 1403 847 1460 et
862 1389 1018 1487 seipsum
1034 1388 1107 1462 sola
1125 1389 1256 1489 pietate

188 1513 335 1589 illorum
355 1504 564 1577 ministrum
585 1504 725 1575 astruit.
751 1503 890 1596 Quibus
916 1532 1000 1579 cum
1025 1506 1089 1581 illo
1111 1530 1257 1605 pem·

187 1622 358 1705 nantibus
371 1648 525 1722 regnum
538 1623 645 1695 etiam
659 1622 860 1719 promittit,
875 1638 912 1697 ct
924 1638 1007 1723 post
1017 1624 1136 1726 aliqua
1147 1625 1257 1699 Petis

189 1740 390 1845 improvide
400 1741 550 1838 jactanti
570 1739 683 1813 dicit:
704 1740 850 1830 Simon,
870 1766 954 1813 ecce
967 1739 1131 1814 Satanas
1148 1766 1258 1844 carpe·

189 1865 266 1938 tivit
275 1885 357 1948 cos,
374 1874 413 1929 ut
425 1855 600 1930 cribmret
612 1860 706 1928 sicut
717 1858 887 1930 tn'ticum.
902 1858 989 1957 Ego
1000 1875 1123 1931 autam
1132 1860 1262 1959 rogavi

187 2003 257 2084 pro
274 1991 328 2062 te,
350 1990 389 2044 ut
405 1998 480 2045 non
492 1971 639 2071 deficiat
638 1971 741 2069 fides
754 1989 832 2043 tua.
846 1973 900 2044 Et
911 1989 950 2043 tu
962 1972 1167 2073 aliquando
1179 1996 1261 2047 con·

191 2115 329 2179 versus,
353 2085 529 2187 confirma
535 2089 680 2183 fratres
697 2103 789 2160 tuos.
815 2085 886 2178 Qui
903 2087 996 2159 dixit
1012 2088 1045 2161 ei
1060 2114 1069 2156 ε
1083 2089 1259 2175 Domita,

190 2228 305 2283 tecum
319 2221 479 2307 paratus
499 2231 578 2276 cum
602 2221 636 2276 et
656 2206 696 2276 in
713 2230 893 2278 carcerem
910 2222 946 2277 et
967 2208 1007 2278 in
1024 2221 1175 2279 usonem
1195 2206 1259 2277 ira.

189 2326 240 2397 Et
257 2322 341 2396 ille:
358 2321 456 2393 Dico
475 2319 556 2410 tibi,
577 2323 683 2393 Petra
699 2349 710 2392 .·
726 2347 800 2393 non
813 2320 978 2393 cantabit
989 2320 1101 2394 hodie
1113 2319 1259 2418 gallus,

191 2443 307 2516 donec
331 2456 384 2511 ter
405 2437 564 2537 abneges
587 2463 694 2512 nosse
718 2464 786 2509 me.
812 2438 858 2508 Et
880 2435 972 2508 dixit
989 2438 1039 2510 cis
1064 2468 1073 2508 ι
1099 2435 1264 2536 Quando

192 2561 278 2633 misi
291 2584 359 2632 cos
376 2557 456 2629 sine
469 2556 621 2630 sacculo
645 2573 679 2627 et
691 2582 784 2658 pera
808 2571 842 2626 et
860 2555 1140 2646 calceamentis,
1163 2578 1265 2629 nunt·

192 2675 286 2777 quid
307 2673 455 2773 aliquid
475 2669 593 2772 dcfio't
621 2672 749 2748 vobis?
770 2670 820 2744 At
837 2672 889 2744 illi
915 2672 1088 2747 dixerunt
1111 2700 1120 2742 t
1143 2672 1263 2748 Nihil.

193 2795 294 2868 Dixit
307 2817 394 2892 ergo
410 2792 460 2865 cis
476 2821 485 2862 ε
504 2789 582 2863 Sed
598 2819 696 2865 nunc
718 2795 781 2891 qui
803 2790 911 2863 habet
928 2792 1135 2882 sacculum,
1162 2791 1268 2866 tollat

194 2909 361 2986 similiter
375 2923 409 2980 et
422 2932 570 3007 peram;
588 2923 622 2978 ct
640 2909 706 3006 qui
721 2932 795 2980 non
812 2905 940 2995 habet,
955 2907 1092 2980 vendat
1103 2907 1267 2980 tunicam

194 3054 300 3102 suam
321 3040 356 3098 et
373 3038 471 3096 emat
485 3022 670 3121 gladium.
686 3021 736 3094 At
753 3021 805 3093 illi
822 3053 830 3092 :
845 3023 948 3095 Ecce
957 3022 1085 3122 gladii
1096 3023 1174 3095 duo
1191 3021 1264 3095 hie.

196 3143 267 3238 Qui
283 3141 376 3215 dixit
386 3141 436 3213 eis
451 3169 460 3211 ε
474 3139 577 3212 Satis
591 3157 644 3212 cst
659 3140 674 3237 (
699 3142 729 3236 )

244 3266 363 3343 xvll.
382 3262 433 3334 Et
448 3259 589 3361 hymno
604 3260 722 3349 dicto,
741 3262 835 3333 sicut
849 3259 1040 3332 Mattbaeus
1053 3259 1271 3359 Marcusque

196 3393 505 3466 commemorant,
531 3379 698 3452 exierunt
722 3378 760 3449 in
782 3391 946 3450 montem
969 3375 1123 3463 Oliveti3
1146 3374 1270 3475 ibique

197 3517 287 3575 tunc
301 3497 395 3572 dixit
413 3496 484 3569 illis
504 3523 513 3565 τ
536 3495 670 3568 Omnes
686 3520 754 3568 cos
772 3493 995 3567 scandulum
1008 3493 1211 3593 patiamini
1230 3492 1270 3563 in

197 3644 253 3693 mc
267 3622 308 3691 in
324 3616 398 3691 ista
411 3631 529 3689 nocte.
548 3611 636 3686 lnde
651 3612 803 3685 venitin
821 3609 999 3709 praedium
1015 3606 1247 3682 Gctbsemani
1256 3661 1267 3696 ,

191 3732 298 3836 quod
308 3732 568 3831 intorpretatur
579 3727 694 3802 callis
701 3729 915 3830 pinguium,
930 3725 1003 3797 sive
1012 3725 1268 3825 paizguedinis.

198 3852 245 3925 Et
259 3849 351 3955 dixit
367 3843 550 3945 discipulis
570 3846 642 3918 suis
660 3874 668 3916 :
688 3843 819 3916 Sedete
829 3843 889 3914 liic
893 3875 910 3929 ;
928 3857 1049 3929 orata,
1067 3866 1114 3913 nc
1132 3842 1272 3913 intretis

232 4113 274 4181 (a)
291 4113 389 4170 loma.
403 4128 468 4180 xm,
484 4109 664 4178 21·xvn,n6.
682 4140 713 4150 -
729 4109 769 4179 (a)
783 4108 848 4162 Luc.
864 4125 929 4175 xxii,
944 4102 1039 4171 24-58.
