2894 4958
191 307 252 375 asa
467 272 658 370 utstoan'
672 309 976 374 uectatusnca.

191 440 332 500 sanaret
345 450 473 527 rogare
491 429 617 527 coepit.
643 429 841 502 Sanitatem
856 455 943 505 vero
959 432 1210 531 promittenti,
1227 439 1253 511 ai

191 543 370 633 crederet,
400 544 501 618 sein
528 544 725 620 Dominum
753 547 874 621 lesum
902 548 1046 626 credere
1075 550 1253 652 perhibet.

192 664 298 736 Tunc
326 663 468 734 Marcus
493 665 664 762 juvenem
693 663 906 764 baptizavit,
937 650 980 740 et¹
998 671 1120 747 omnia
1145 669 1194 744 ab
1216 698 1256 747 eo

191 776 288 878 lepra
313 779 470 853 recessit.
498 778 566 852 lllo
592 779 712 878 itaque
735 797 879 868 sanato,
903 782 1047 858 Ulfinus
1070 796 1158 860 cum
1182 802 1253 862 tota

187 893 320 967 familia
344 921 405 966 sua
427 893 626 994 baptizatus
649 911 715 970 est.
731 897 933 972 Multitudo
957 925 1106 1002 quoque
1130 904 1252 1003 populi

108 1089 111 1098 ¹
189 1011 227 1083 in
246 1010 305 1083 illa
325 1009 382 1085 die
398 1008 575 1110 baptizata
588 1031 653 1085 est.
670 1018 753 1086 Post
767 1013 969 1114 aliquantos
985 1043 1101 1092 annos
1117 1024 1254 1094 Marcus

188 1128 400 1204 desideravit
416 1130 564 1203 Petrum
586 1129 728 1221 ridere,
749 1131 936 1234 voluitque
954 1135 1100 1210 occulte
1115 1136 1254 1238 plebem

187 1245 370 1321 dimittere
393 1262 429 1321 et
453 1248 606 1321 Romam
631 1249 741 1324 adire.
772 1250 879 1344 Quod
903 1267 996 1326 nutu
1018 1255 1085 1328 Dei
1108 1281 1254 1357 compe-

187 1364 322 1438 rientes
345 1364 471 1462 populi
497 1363 657 1439 diluculo
680 1382 939 1458 cucurrerunt,
962 1384 999 1443 et
1016 1370 1254 1446 vociferantes

187 1495 231 1552 ut
250 1495 429 1579 pastorem
448 1480 498 1567 eia
516 1480 618 1556 daret
632 1483 828 1581 petierunt.
847 1485 954 1557 Tunc
980 1487 1219 1587 Hermagoras
1234 1514 1252 1560 a

187 1595 325 1695 populo
343 1595 475 1669 electus
492 1612 566 1683 est,
584 1612 621 1669 et
638 1623 658 1669 a
674 1594 782 1672 heato
798 1599 924 1674 Marco
936 1600 1092 1675 Romam
1107 1602 1253 1702 perduc-

189 1728 247 1786 tus
274 1728 338 1786 est.
366 1711 421 1786 lhi
446 1739 466 1784 a
491 1709 597 1787 heato
619 1713 728 1788 Petro
749 1715 914 1814 apostolo
939 1719 1252 1820 proto-episcopua

186 1829 384 1930 provinciae
401 1828 512 1902 ltaliae
535 1829 649 1902 factus
666 1844 736 1920 est,
759 1845 796 1904 et
818 1848 903 1931 post
923 1833 1037 1907 multa
1065 1835 1249 1926 miracula,

187 1973 270 2048 quae
286 1948 381 2021 Deus
398 1947 438 2019 in
456 1946 592 2045 populo
615 1973 679 2045 per
703 1945 806 2019 illum
823 1965 990 2047 operatua
1011 1966 1086 2040 est,
1112 1951 1251 2038 Nerone

186 2066 404 2164 imperante,
424 2061 492 2134 sub
509 2063 655 2136 Sevasto
674 2063 847 2162 praeaide,
866 2089 950 2137 cum
970 2066 1179 2143 Fortunato
1200 2093 1251 2139 ar·

188 2180 401 2255 chidiacono
414 2204 457 2252 111
473 2177 551 2251 idus
561 2178 644 2278 julii
660 2181 913 2280 martyrizatus
925 2184 1002 2280 eat(
1027 2183 1059 2281 ).

237 2300 365 2371 Beatus
380 2322 468 2372 vero
484 2299 645 2388 Marcus,
673 2311 798 2371 sancto
820 2300 929 2371 Pauo
947 2299 1114 2398 apostolo
1130 2301 1251 2400 praeci·

187 2416 329 2517 pionte,
347 2417 509 2513 regimen
523 2414 750 2489 Alexandriae
765 2414 856 2488 sedis
869 2417 1042 2515 suscepit,
1064 2431 1102 2491 et
1122 2418 1251 2518 primus

189 2535 229 2606 in
258 2549 354 2606 terra
386 2532 536 2631 AEgypti
566 2529 750 2603 Christum
781 2530 1012 2631 praedicarim
1041 2535 1081 2606 in
1111 2536 1250 2636 regione

189 2675 336 2752 quoque
351 2648 477 2749 Lihyae
498 2649 720 2722 Marmaricae
737 2665 774 2722 et
790 2649 1034 2741 Ammonicae,
1053 2651 1111 2725 vel
1129 2653 1250 2727 Penta·

188 2767 322 2868 polim,
350 2791 472 2839 veram
497 2764 604 2838 fidem
629 2766 871 2839 annuntiavit.
900 2766 1031 2840 Cuncti
1059 2767 1249 2855 nimirum,

189 2885 254 2984 qui
288 2899 375 2956 tunc
405 2883 443 2955 in
473 2881 527 2953 his
554 2882 659 2954 terris
689 2878 918 2971 habitabant,
949 2883 1195 2957 incircumcisi
1222 2895 1252 2955 et

192 2999 354 3073 idolatrae
379 3014 416 3072 et
439 2998 538 3072 omni
568 2998 738 3097 spurcitia
761 2999 889 3097 repleti
911 3012 1027 3072 erant.
1058 2998 1155 3073 Cum
1176 3021 1251 3099 ergo

191 3117 336 3188 Marcus
353 3121 551 3215 Cyrnum,
570 3140 653 3213 quoe
675 3130 729 3187 est
750 3112 844 3213 apud
864 3114 1114 3214 Pentapolim,
1135 3140 1253 3216 peme-

193 3234 324 3322 nisset,
345 3249 382 3306 et
392 3231 581 3330 indigenas
597 3229 810 3304 execrabiles
828 3256 898 3330 pro
922 3231 1046 3304 nimiis
1067 3231 1254 3307 sceleribu

193 3350 402 3436 invenissem
422 3347 611 3423 exordium
631 3347 764 3421 faciens
786 3347 900 3421 divini
925 3349 1104 3422 sermonis
1130 3350 1170 3423 in
1192 3373 1255 3422 no-

193 3467 291 3538 mine
307 3464 455 3538 Domini
470 3463 645 3538 medelam
662 3465 819 3538 contulit
839 3465 1007 3538 infirmis.
1025 3466 1121 3539 Nam
1141 3467 1255 3567 lepro-

193 3609 250 3657 sos
273 3580 489 3672 mundabat,
518 3582 724 3680 multosque
749 3583 986 3684 nequissimos
1010 3585 1163 3683 spiritua
1186 3582 1254 3658 solo

195 3725 360 3774 sermone
377 3698 543 3799 pellebat.
563 3699 715 3771 Plurimi
730 3699 906 3799 siquidem
920 3699 998 3773 haec
1009 3698 1177 3776 videntes
1187 3726 1254 3773 cre·

199 3890 284 3898 '-

230 3991 268 4061 (t)
287 3989 333 4044 On
358 4001 485 4046 trouvera
510 3992 578 4045 dans
597 3991 774 4046 hlombritins
795 3991 820 4046 la
841 3991 976 4066 legende,
999 3993 1177 4052 viaiblement
1197 4009 1252 4066 apo·

198 4079 313 4152 cryphe,
328 4079 363 4132 de
377 4098 407 4133 ce
420 4079 556 4151 pretendu
569 4081 725 4152 patriarche
736 4079 891 4155 d’Aquilce.
