2894 4958
190 359 250 423 ¹⁷4
464 355 648 418 HISTORIA
671 353 979 418 Rectusllsrlcu.

126 488 142 513 '
238 475 435 554 Gerbertus
453 475 490 549 in
507 474 639 551 divinis
655 488 692 548 et
707 472 937 548 saecularihus
948 470 1051 547 libris
1061 472 1256 549 eruditissi-

190 593 368 682 mussuit,
381 594 464 669 etin
476 619 537 667 sua
548 593 668 669 schola
678 590 1258 694 famososetsublimesdiscipulot

190 712 335 788 habuit:
351 710 578 786 Radbertum
594 711 732 785 scilicet
746 737 867 813 regem
878 723 915 784 et
928 709 1186 785 Leothcricum
1196 710 1259 787 Se·

189 857 387 905 nonensem
397 828 718 929 archiepiscopum,
730 829 935 929 Remigium
942 826 1133 928 praesulem
1144 826 1261 903 Autis-

188 943 473 1033 siodoreuaium,
491 945 708 1018 Haimonem
722 959 830 1044 atque
846 941 1081 1032 lluboldam,
1100 941 1261 1046 aliosque

188 1063 366 1164 plurimos
387 1063 565 1164 fulgentes
588 1061 626 1136 in
652 1063 765 1137 choro
790 1060 1048 1162 sophistarum.
1076 1061 1262 1163 Remigius

189 1177 362 1280 pontifex
378 1178 600 1254 luculentam
618 1179 881 1279 expositionem
897 1205 1005 1278 super
1019 1179 1168 1252 missam
1184 1177 1263 1253 edi·

190 1298 266 1387 dit,
288 1312 325 1371 et
349 1311 463 1369 artem
485 1295 544 1389 vel·
568 1295 765 1373 editionem
790 1296 1164 1397 Donati-grammatici
1194 1296 1264 1371 uti·

189 1412 275 1487 liter
303 1410 479 1510 exposuit.
510 1411 640 1485 Haimo
667 1438 814 1513 quoque
843 1413 958 1485 sancti-
981 1410 1081 1485 Pauli
1107 1410 1261 1511 apostoli

192 1529 360 1630 epistolas
372 1527 599 1603 laudabiliter
611 1529 826 1629 explanavit,
842 1528 953 1604 etalia
964 1529 1078 1601 multa
1090 1527 1264 1603 deliran-

193 1647 314 1749 geliis,
333 1647 482 1747 aliisque
504 1647 612 1721 sacris
633 1647 848 1746 scripturis,
872 1646 1109 1746 spiritualiter
1126 1661 1262 1721 tracta·

190 1767 257 1841 vit.
278 1763 466 1840 lluboldns
489 1779 610 1838 autem
635 1765 780 1838 musicoe
803 1766 890 1837 artis
907 1765 1045 1864 peritus
1059 1762 1104 1838 ad
1120 1765 1262 1840 laudem

189 1884 369 1961 Creatoris
382 1883 419 1955 in
441 1882 585 1958 ecclesia
606 1883 811 1981 personuit,
829 1897 866 1956 et
880 1882 925 1956 dc
947 1896 1068 1954 sancta
1080 1882 1263 1957 Trinitatc

190 2000 332 2076 dulcem
346 1998 533 2073 historiam
545 1999 696 2087 cecinit,
712 1998 872 2099 aliosque
886 1998 1021 2073 multos
1035 1996 1263 2074 delectabiles

190 2133 314 2192 cantus
335 2117 380 2190 de
403 2116 478 2191 Deo
502 2132 542 2190 et
564 2115 705 2189 Sanctis
733 2117 808 2213 ejus
834 2115 1039 2215 composuit
1064 2114 1137 2216 (a).
1167 2117 1260 2205 llos,

190 2233 351 2333 aliosque
377 2231 499 2331 plures
523 2231 721 2306 Gerbertus
747 2231 931 2320 erudivit,
953 2256 1113 2332 quorum
1133 2232 1262 2306 multi·

191 2348 274 2448 plex
290 2348 452 2447 sequenti
472 2362 635 2447 tempore
646 2347 793 2422 scientia
811 2346 969 2421 ecclesiae
982 2346 1046 2421 Dei
1059 2345 1261 2446 plurimum

192 2704 256 2751 teor
268 2692 304 2748 de
316 2691 452 2761 Gerbert,
466 2691 600 2765 empecha
611 2690 823 2765 probablemeut
831 2690 936 2748 ‹l'avoir
945 2691 1012 2747 lieu.
1027 2690 1076 2748 Oa
1088 2692 1207 2767 posside
1215 2710 1260 2751 ea·

192 2801 256 2838 core
270 2782 296 2838 le
308 2782 433 2837 discours
448 2801 503 2856 que
513 2781 637 2838 Gerbert
649 2801 668 2855 y
683 2799 839 2856 pronaum
856 2783 925 2836 mais
938 2794 1025 2857 quant
1036 2785 1052 2839 i
1065 2801 1093 2837 sa
1108 2782 1260 2841 discamus

191 2893 255 2928 avec
276 2872 302 2928 le
323 2873 398 2947 legat
419 2873 506 2940 Leon,
529 2871 600 2927 abbe
621 2871 656 2927 de
679 2872 917 2940 Salat-Bonilace,
941 2871 994 2928 elle
1017 2882 1059 2929 est
1081 2873 1260 2947 aujourd’lmi

228 2962 306 3018 rdue.

192 2982 264 3124 Pela)
282 3051 369 3106 Noue
378 3060 501 3104 auteurs
512 3048 653 3104 conloudu
663 3048 759 3117 Remi,
771 3050 864 3104 moine
872 3060 901 3105 et
914 3068 970 3105 uon
982 3051 1086 3125 eatque
1094 3050 1258 3122 d’Auxerru,

189 3144 238 3218 qui
251 3142 371 3216 professa
384 3143 400 3194 a
412 3139 507 3194 Reims
519 3150 547 3194 et
563 3140 652 3194 meme
662 3143 677 3195 a
687 3141 788 3195 Parisa
800 3140 825 3194 la
835 3140 872 3195 liu
886 3140 925 3195 du
935 3153 970 3196 ιι·
979 3141 1075 3209 siecle,
1087 3161 1153 3198 avec
1162 3141 1256 3213 Remi,

190 3231 284 3285 moine
297 3227 333 3283 de
346 3225 461 3282 Mithlac
472 3245 507 3280 au
516 3225 625 3281 diocese
635 3227 670 3282 de
680 3228 800 3295 Treves,
813 3230 860 3302 qui
874 3229 916 3283 sut
927 3227 1089 3285 neellemeut
1099 3229 1260 3305 disciplecls

188 3320 321 3378 Gerbert.
337 3319 374 3373 La
388 3316 501 3390 plupart
514 3316 562 3372 des
580 3335 712 3389 ouvrages
725 3316 760 3371 cle
779 3316 860 3372 lierni
875 3317 1028 3374 ‹l’Anxerre
1046 3329 1096 3375 out
1115 3322 1161 3375 ete
1178 3320 1259 3377 attri·

190 3412 258 3467 bues
271 3408 387 3466 tautota
403 3408 539 3475 Euaimon,
552 3408 654 3482 eaeque
664 3408 884 3476 d’Halberstadt,
901 3428 1071 3483 personuage
1082 3428 1186 3466 encore
1199 3411 1260 3486 plus

191 3501 303 3567 ancien,
318 3495 432 3552 tantist'a
442 3514 480 3549 un
490 3496 596 3550 certain
606 3495 868 3570 Haimoniai-Saga,
883 3500 932 3572 qui
944 3497 1013 3552 u'est
1022 3508 1102 3552 autre
1111 3515 1168 3573 que
1176 3497 1259 3555 Remi

188 3586 336 3642 lui·meme
347 3609 352 3639 :
364 3583 437 3638 aussi
449 3601 518 3638 ceux
527 3584 576 3658 qui
586 3593 649 3638 sout
661 3584 729 3638 cites
742 3583 777 3639 ici
787 3602 850 3639 sous
862 3602 893 3639 ce
905 3603 970 3639 norn
983 3583 1023 3640 lui
1032 3585 1260 3658 appartieuueut·

190 3676 224 3733 ils
237 3688 309 3732 tous.
323 3673 467 3742 liuboldus,
482 3673 618 3728 chauoiue
627 3673 663 3729 de
674 3672 778 3747 l’eglise
791 3672 826 3729 de
836 3674 934 3747 litiga,
950 3676 1096 3749 professas
1107 3675 1187 3731 Paris
1199 3692 1260 3732 aera

189 3765 215 3820 la
226 3764 264 3820 fin
274 3763 313 3817 du
321 3775 347 3818 r·
356 3762 447 3830 siecle,
458 3763 525 3817 mais
534 3761 611 3817 n'eut
619 3780 711 3817 aucun
722 3771 837 3835 rapport
845 3780 909 3817 avec
919 3762 1052 3819 Gerbert.
1065 3764 1116 3817 les
1124 3781 1260 3838 ouvrages

188 3853 238 3928 qui
251 3853 291 3906 lui
304 3861 366 3906 sout
379 3850 516 3906 attribues
529 3851 565 3905 ici
577 3860 641 3906 sont
653 3849 688 3905 de
702 3850 859 3918 Boebeide,
875 3851 968 3905 moine
983 3849 1018 3906 de
1035 3849 1257 3922 saint-Amant,

189 3941 398 4014 contemporain
416 3950 446 3996 et
456 3941 510 3995 ami
522 3939 557 3995 de
570 3940 650 3996 Remi
662 3939 833 4008 d’Auxerre,
846 3941 960 4013 excepte
971 3937 1068 3996 l’office
1078 3938 1115 3995 de
1131 3939 1158 3996 la
1169 3941 1259 3998 saints

190 4032 315 4100 Trinite,
328 4032 377 4106 qui
389 4041 431 4087 est
444 4020 602 4100 d’Etienne,
615 4030 718 4106 calmae
731 4030 767 4086 de
780 4031 872 4104 tiege.
885 4031 896 4101 (
902 4030 996 4104 Voyea
1006 4028 1098 4088 l’lliat.
1112 4031 1168 4089 tu.
1180 4030 1219 4089 de
1229 4032 1259 4089 lo

191 4122 315 4187 Frauce,
330 4130 351 4174 t.
366 4120 415 4190 vr.)
