<?xml version="1.0" encoding="UTF-8"?>
<!DOCTYPE html PUBLIC "-//W3C//DTD XHTML 1.0 Transitional//EN"
    "http://www.w3.org/TR/xhtml1/DTD/xhtml1-transitional.dtd">
<html xmlns="http://www.w3.org/1999/xhtml" xml:lang="en" lang="en">
 <head>
  <title>
</title>
<meta http-equiv="Content-Type" content="text/html;charset=utf-8" />
  <meta name='ocr-system' content='tesseract 3.04.00' />
  <meta name='ocr-capabilities' content='ocr_page ocr_carea ocr_par ocr_line ocrx_word'/>
</head>
<body>
  <div class='ocr_page' id='page_1' title='image "./ordericivitalis02deligoog/ordericivitalis02deligoog_0134.png"; bbox 0 0 2894 4958; ppageno 0'>
   <div class='ocr_carea' id='block_1_1' title="bbox 189 353 970 415">
    <p class='ocr_par' dir='ltr' id='par_1_1' title="bbox 189 353 970 415">
     <span class='ocr_line' id='line_1_1' title="bbox 189 353 970 415; baseline 0 -1"><span class='ocrx_word' id='word_1_1' title='bbox 189 358 247 415; x_wconf 78' lang='lat'>12⁰</span> <span class='ocrx_word' id='word_1_2' title='bbox 462 353 645 414; x_wconf 77' lang='lat' dir='ltr'><strong>HISTORIA</strong></span> <span class='ocrx_word' id='word_1_3' title='bbox 666 354 970 415; x_wconf 70' lang='lat' dir='ltr'>Euctustasutca.</span> 
     </span>
    </p>
   </div>
   <div class='ocr_carea' id='block_1_2' title="bbox 181 470 1345 2554">
    <p class='ocr_par' dir='ltr' id='par_1_2' title="bbox 181 470 1345 2554">
     <span class='ocr_line' id='line_1_2' title="bbox 186 470 1246 575; baseline 0.006 -32"><span class='ocrx_word' id='word_1_4' title='bbox 186 472 269 545; x_wconf 88' lang='lat' dir='ltr'>dem</span> <span class='ocrx_word' id='word_1_5' title='bbox 286 485 453 544; x_wconf 86' lang='lat' dir='ltr'>strenuus</span> <span class='ocrx_word' id='word_1_6' title='bbox 477 486 513 544; x_wconf 90' lang='lat' dir='ltr'>et</span> <span class='ocrx_word' id='word_1_7' title='bbox 536 470 695 572; x_wconf 86' lang='lat' dir='ltr'>probus,</span> <span class='ocrx_word' id='word_1_8' title='bbox 711 487 818 572; x_wconf 83' lang='lat' dir='ltr'>atque</span> <span class='ocrx_word' id='word_1_9' title='bbox 835 489 987 574; x_wconf 83' lang='lat' dir='ltr'>augusto</span> <span class='ocrx_word' id='word_1_10' title='bbox 1007 472 1157 575; x_wconf 78' lang='lat' dir='ltr'>dignus,</span> <span class='ocrx_word' id='word_1_11' title='bbox 1179 477 1246 550; x_wconf 86' lang='lat' dir='ltr'>nisi</span> 
     </span>
     <span class='ocr_line' id='line_1_3' title="bbox 187 585 1247 688; baseline 0.005 -29"><span class='ocrx_word' id='word_1_12' title='bbox 187 601 315 661; x_wconf 89' lang='lat' dir='ltr'>contra</span> <span class='ocrx_word' id='word_1_13' title='bbox 330 590 540 661; x_wconf 83' lang='lat' dir='ltr'>sacramenti</span> <span class='ocrx_word' id='word_1_14' title='bbox 564 585 672 661; x_wconf 90' lang='lat' dir='ltr'>fidem</span> <span class='ocrx_word' id='word_1_15' title='bbox 688 613 754 687; x_wconf 87' lang='lat' dir='ltr'>per</span> <span class='ocrx_word' id='word_1_16' title='bbox 774 588 1004 688; x_wconf 84' lang='lat' dir='ltr'><strong>tyrannidem</strong></span> <span class='ocrx_word' id='word_1_17' title='bbox 1024 592 1247 685; x_wconf 85' lang='lat' dir='ltr'>emersisset,</span> 
     </span>
     <span class='ocr_line' id='line_1_4' title="bbox 187 702 1250 807; baseline 0.006 -33"><span class='ocrx_word' id='word_1_18' title='bbox 187 704 225 775; x_wconf 91' lang='lat' dir='ltr'>in</span> <span class='ocrx_word' id='word_1_19' title='bbox 242 703 428 775; x_wconf 79' lang='lat' dir='ltr'>Britannia</span> <span class='ocrx_word' id='word_1_20' title='bbox 449 702 584 775; x_wconf 85' lang='lat' dir='ltr'>invitus</span> <span class='ocrx_word' id='word_1_21' title='bbox 599 703 864 803; x_wconf 83' lang='lat' dir='ltr'>propemodum</span> <span class='ocrx_word' id='word_1_22' title='bbox 881 703 927 776; x_wconf 88' lang='lat' dir='ltr'>ab</span> <span class='ocrx_word' id='word_1_23' title='bbox 952 706 1112 779; x_wconf 82' lang='lat' dir='ltr'>exercitu</span> <span class='ocrx_word' id='word_1_24' title='bbox 1134 707 1250 807; x_wconf 87' lang='lat' dir='ltr'>impe·</span> 
     </span>
     <span class='ocr_line' id='line_1_5' title="bbox 185 819 1251 922; baseline 0.007 -32"><span class='ocrx_word' id='word_1_25' title='bbox 185 834 287 891; x_wconf 86' lang='lat' dir='ltr'>rator</span> <span class='ocrx_word' id='word_1_26' title='bbox 303 833 463 907; x_wconf 88' lang='lat' dir='ltr'>creatus,</span> <span class='ocrx_word' id='word_1_27' title='bbox 487 819 525 890; x_wconf 92' lang='lat' dir='ltr'>in</span> <span class='ocrx_word' id='word_1_28' title='bbox 541 819 695 891; x_wconf 88' lang='lat' dir='ltr'>Galliam</span> <span class='ocrx_word' id='word_1_29' title='bbox 713 821 875 908; x_wconf 81' lang='lat' dir='ltr'>transiit3</span> <span class='ocrx_word' id='word_1_30' title='bbox 896 819 1019 922; x_wconf 85' lang='lat' dir='ltr'>ibique</span> <span class='ocrx_word' id='word_1_31' title='bbox 1035 823 1251 897; x_wconf 80' lang='lat' dir='ltr'>Gratianum</span> 
     </span>
     <span class='ocr_line' id='line_1_6' title="bbox 186 936 1251 1039; baseline 0.005 -31"><span class='ocrx_word' id='word_1_32' title='bbox 186 952 374 1036; x_wconf 82' lang='lat' dir='ltr'>augustum</span> <span class='ocrx_word' id='word_1_33' title='bbox 399 936 492 1010; x_wconf 89' lang='lat' dir='ltr'>dolis</span> <span class='ocrx_word' id='word_1_34' title='bbox 517 938 805 1009; x_wconf 86' lang='lat' dir='ltr'>circumventum</span> <span class='ocrx_word' id='word_1_35' title='bbox 825 936 919 1036; x_wconf 90' lang='lat' dir='ltr'>apud</span> <span class='ocrx_word' id='word_1_36' title='bbox 942 938 1160 1039; x_wconf 83' lang='lat' dir='ltr'>Lugdunum</span> <span class='ocrx_word' id='word_1_37' title='bbox 1183 965 1251 1014; x_wconf 90' lang='lat' dir='ltr'>oo-</span> 
     </span>
     <span class='ocr_line' id='line_1_7' title="bbox 186 1052 1249 1154; baseline 0.004 -30"><span class='ocrx_word' id='word_1_38' title='bbox 186 1052 294 1140; x_wconf 88' lang='lat' dir='ltr'>cidit,</span> <span class='ocrx_word' id='word_1_39' title='bbox 313 1053 536 1152; x_wconf 79' lang='lat' dir='ltr'>fratremque</span> <span class='ocrx_word' id='word_1_40' title='bbox 557 1054 631 1150; x_wconf 87' lang='lat' dir='ltr'>ejus</span> <span class='ocrx_word' id='word_1_41' title='bbox 653 1053 948 1129; x_wconf 86' lang='lat' dir='ltr'>Valentinianum</span> <span class='ocrx_word' id='word_1_42' title='bbox 968 1053 1068 1126; x_wconf 85' lang='lat' dir='ltr'>ltalia</span> <span class='ocrx_word' id='word_1_43' title='bbox 1090 1054 1249 1154; x_wconf 74' lang='lat' dir='ltr'>expulit3</span> 
     </span>
     <span class='ocr_line' id='line_1_8' title="bbox 181 1169 1256 1268; baseline 0.006 -29"><span class='ocrx_word' id='word_1_44' title='bbox 181 1169 247 1268; x_wconf 71' lang='lat' dir='ltr'>¹qui</span> <span class='ocrx_word' id='word_1_45' title='bbox 263 1184 382 1244; x_wconf 88' lang='lat' dir='ltr'>tamen</span> <span class='ocrx_word' id='word_1_46' title='bbox 390 1169 623 1268; x_wconf 86' lang='lat' dir='ltr'>justissimam</span> <span class='ocrx_word' id='word_1_47' title='bbox 640 1194 724 1242; x_wconf 88' lang='lat' dir='ltr'>cum</span> <span class='ocrx_word' id='word_1_48' title='bbox 738 1183 854 1243; x_wconf 87' lang='lat' dir='ltr'>matre</span> <span class='ocrx_word' id='word_1_49' title='bbox 869 1196 931 1242; x_wconf 88' lang='lat' dir='ltr'>sua</span> <span class='ocrx_word' id='word_1_50' title='bbox 946 1169 1086 1242; x_wconf 86' lang='lat' dir='ltr'>Justina</span> <span class='ocrx_word' id='word_1_51' title='bbox 1100 1195 1256 1268; x_wconf 85' lang='lat' dir='ltr'>poenam·</span> 
     </span>
     <span class='ocr_line' id='line_1_9' title="bbox 186 1284 1252 1385; baseline 0.003 -28"><span class='ocrx_word' id='word_1_52' title='bbox 186 1285 283 1357; x_wconf 84' lang='lat' dir='ltr'>exilii</span> <span class='ocrx_word' id='word_1_53' title='bbox 303 1285 385 1358; x_wconf 90' lang='lat' dir='ltr'>luit.</span> <span class='ocrx_word' id='word_1_54' title='bbox 402 1285 518 1378; x_wconf 89' lang='lat' dir='ltr'>Quam</span> <span class='ocrx_word' id='word_1_55' title='bbox 535 1301 572 1360; x_wconf 90' lang='lat' dir='ltr'>et</span> <span class='ocrx_word' id='word_1_56' title='bbox 590 1287 709 1385; x_wconf 90' lang='lat' dir='ltr'>ipsum</span> <span class='ocrx_word' id='word_1_57' title='bbox 719 1285 870 1361; x_wconf 76' lang='lat' dir='ltr'>Arriano</span> <span class='ocrx_word' id='word_1_58' title='bbox 887 1284 1029 1359; x_wconf 78' lang='lat' dir='ltr'>haeresis</span> <span class='ocrx_word' id='word_1_59' title='bbox 1044 1284 1200 1385; x_wconf 89' lang='lat' dir='ltr'>polluit,</span> <span class='ocrx_word' id='word_1_60' title='bbox 1214 1300 1252 1360; x_wconf 87' lang='lat' dir='ltr'>et</span> 
     </span>
     <span class='ocr_line' id='line_1_10' title="bbox 185 1402 1251 1479; baseline 0.004 -4"><span class='ocrx_word' id='word_1_61' title='bbox 185 1403 504 1477; x_wconf 86' lang='lat' dir='ltr'>eminentissimam</span> <span class='ocrx_word' id='word_1_62' title='bbox 536 1402 721 1477; x_wconf 86' lang='lat' dir='ltr'>catholicae</span> <span class='ocrx_word' id='word_1_63' title='bbox 751 1403 833 1478; x_wconf 90' lang='lat' dir='ltr'>fidei</span> <span class='ocrx_word' id='word_1_64' title='bbox 865 1430 985 1478; x_wconf 85' lang='lat' dir='ltr'>arcem</span> <span class='ocrx_word' id='word_1_65' title='bbox 1017 1403 1251 1479; x_wconf 81' lang='lat' dir='ltr'>Ambrosium</span> 
     </span>
     <span class='ocr_line' id='line_1_11' title="bbox 186 1516 1345 1619; baseline 0.005 -30"><span class='ocrx_word' id='word_1_66' title='bbox 186 1516 1005 1619; x_wconf 79' lang='lat' dir='ltr'>perfidaobsidionerexavit3necprius,quam</span> <span class='ocrx_word' id='word_1_67' title='bbox 1013 1517 1251 1619; x_wconf 84' lang='lat' dir='ltr'>prolatisbes·</span> <span class='ocrx_word' id='word_1_68' title='bbox 1343 1584 1345 1595; x_wconf 94' lang='lat'><em>.</em></span> 
     </span>
     <span class='ocr_line' id='line_1_12' title="bbox 187 1633 1250 1736; baseline 0.007 -31"><span class='ocrx_word' id='word_1_69' title='bbox 187 1650 311 1707; x_wconf 89' lang='lat' dir='ltr'>torum</span> <span class='ocrx_word' id='word_1_70' title='bbox 328 1633 487 1708; x_wconf 82' lang='lat' dir='ltr'>Gerrasii</span> <span class='ocrx_word' id='word_1_71' title='bbox 499 1649 536 1709; x_wconf 90' lang='lat' dir='ltr'>et</span> <span class='ocrx_word' id='word_1_72' title='bbox 551 1637 699 1709; x_wconf 86' lang='lat' dir='ltr'>Protasii</span> <span class='ocrx_word' id='word_1_73' title='bbox 717 1650 942 1736; x_wconf 82' lang='lat' dir='ltr'>martyrum,</span> <span class='ocrx_word' id='word_1_74' title='bbox 961 1636 1039 1709; x_wconf 80' lang='lat' dir='ltr'>Deo</span> <span class='ocrx_word' id='word_1_75' title='bbox 1054 1636 1250 1726; x_wconf 79' lang='lat' dir='ltr'>revelante,</span> 
     </span>
     <span class='ocr_line' id='line_1_13' title="bbox 185 1752 1177 1854; baseline 0.002 -28"><span class='ocrx_word' id='word_1_76' title='bbox 185 1752 347 1852; x_wconf 83' lang='lat' dir='ltr'>reliquiis</span> <span class='ocrx_word' id='word_1_77' title='bbox 364 1753 606 1853; x_wconf 84' lang='lat' dir='ltr'>incorruptis,</span> <span class='ocrx_word' id='word_1_78' title='bbox 629 1752 779 1829; x_wconf 82' lang='lat' dir='ltr'>nefanda</span> <span class='ocrx_word' id='word_1_79' title='bbox 798 1769 917 1854; x_wconf 88' lang='lat' dir='ltr'>coepta</span> <span class='ocrx_word' id='word_1_80' title='bbox 935 1753 1123 1853; x_wconf 86' lang='lat' dir='ltr'>desernit(</span> <span class='ocrx_word' id='word_1_81' title='bbox 1148 1757 1177 1852; x_wconf 91' lang='lat'>)</span> 
     </span>
     <span class='ocr_line' id='line_1_14' title="bbox 236 1866 1254 1970; baseline 0.004 -32"><span class='ocrx_word' id='word_1_82' title='bbox 236 1866 486 1961; x_wconf 86' lang='lat' dir='ltr'>Theodosius,</span> <span class='ocrx_word' id='word_1_83' title='bbox 509 1871 573 1970; x_wconf 91' lang='lat' dir='ltr'>qui</span> <span class='ocrx_word' id='word_1_84' title='bbox 598 1870 739 1944; x_wconf 84' lang='lat' dir='ltr'>vivente</span> <span class='ocrx_word' id='word_1_85' title='bbox 763 1867 939 1943; x_wconf 88' lang='lat' dir='ltr'>Gratiano</span> <span class='ocrx_word' id='word_1_86' title='bbox 963 1895 1023 1944; x_wconf 81' lang='lat' dir='ltr'>sex</span> <span class='ocrx_word' id='word_1_87' title='bbox 1051 1871 1156 1944; x_wconf 86' lang='lat' dir='ltr'>annis</span> <span class='ocrx_word' id='word_1_88' title='bbox 1176 1872 1254 1969; x_wconf 84' lang='lat' dir='ltr'>jam</span> 
     </span>
     <span class='ocr_line' id='line_1_15' title="bbox 187 1985 1252 2088; baseline 0.002 -29"><span class='ocrx_word' id='word_1_89' title='bbox 187 1985 371 2059; x_wconf 83' lang='lat' dir='ltr'>Orientem</span> <span class='ocrx_word' id='word_1_90' title='bbox 382 1985 540 2087; x_wconf 76' lang='lat' dir='ltr'>regebat,</span> <span class='ocrx_word' id='word_1_91' title='bbox 556 2001 639 2087; x_wconf 89' lang='lat' dir='ltr'>post</span> <span class='ocrx_word' id='word_1_92' title='bbox 650 2003 807 2060; x_wconf 89' lang='lat' dir='ltr'>mortem</span> <span class='ocrx_word' id='word_1_93' title='bbox 820 1991 895 2085; x_wconf 87' lang='lat' dir='ltr'>ejus</span> <span class='ocrx_word' id='word_1_94' title='bbox 909 1988 1187 2088; x_wconf 81' lang='lat' dir='ltr'>regnavitannis</span> <span class='ocrx_word' id='word_1_95' title='bbox 1197 2012 1252 2061; x_wconf 81' lang='lat' dir='ltr'>xr.</span> 
     </span>
     <span class='ocr_line' id='line_1_16' title="bbox 187 2100 1254 2203; baseline 0.006 -31"><span class='ocrx_word' id='word_1_96' title='bbox 187 2103 265 2200; x_wconf 91' lang='lat' dir='ltr'>lpse</span> <span class='ocrx_word' id='word_1_97' title='bbox 282 2116 319 2175; x_wconf 85' lang='lat' dir='ltr'>et</span> <span class='ocrx_word' id='word_1_98' title='bbox 335 2100 629 2192; x_wconf 86' lang='lat' dir='ltr'>Valentinianus,</span> <span class='ocrx_word' id='word_1_99' title='bbox 648 2128 757 2203; x_wconf 90' lang='lat' dir='ltr'>quem</span> <span class='ocrx_word' id='word_1_100' title='bbox 775 2102 875 2174; x_wconf 84' lang='lat' dir='ltr'>ltalia</span> <span class='ocrx_word' id='word_1_101' title='bbox 892 2102 1081 2201; x_wconf 84' lang='lat' dir='ltr'>expulsum</span> <span class='ocrx_word' id='word_1_102' title='bbox 1096 2101 1254 2203; x_wconf 75' lang='lat' dir='ltr'>benigne</span> 
     </span>
     <span class='ocr_line' id='line_1_17' title="bbox 186 2216 1254 2320; baseline 0.007 -33"><span class='ocrx_word' id='word_1_103' title='bbox 186 2232 410 2318; x_wconf 75' lang='lat' dir='ltr'>susoeperat,</span> <span class='ocrx_word' id='word_1_104' title='bbox 436 2219 636 2290; x_wconf 83' lang='lat' dir='ltr'>Maximum</span> <span class='ocrx_word' id='word_1_105' title='bbox 663 2233 859 2320; x_wconf 84' lang='lat' dir='ltr'>tyrannum</span> <span class='ocrx_word' id='word_1_106' title='bbox 887 2219 996 2293; x_wconf 80' lang='lat' dir='ltr'>tertio</span> <span class='ocrx_word' id='word_1_107' title='bbox 1018 2216 1064 2290; x_wconf 87' lang='lat' dir='ltr'>ab</span> <span class='ocrx_word' id='word_1_108' title='bbox 1088 2218 1254 2320; x_wconf 79' lang='lat' dir='ltr'>Aquileia</span> 
     </span>
     <span class='ocr_line' id='line_1_18' title="bbox 187 2333 1252 2435; baseline 0.005 -31"><span class='ocrx_word' id='word_1_109' title='bbox 187 2335 303 2434; x_wconf 87' lang='lat' dir='ltr'>lapide</span> <span class='ocrx_word' id='word_1_110' title='bbox 331 2333 567 2407; x_wconf 85' lang='lat' dir='ltr'>interficiunt.</span> <span class='ocrx_word' id='word_1_111' title='bbox 601 2335 672 2428; x_wconf 88' lang='lat' dir='ltr'>Qui</span> <span class='ocrx_word' id='word_1_112' title='bbox 699 2338 872 2435; x_wconf 86' lang='lat' dir='ltr'>quoniam</span> <span class='ocrx_word' id='word_1_113' title='bbox 898 2337 1123 2410; x_wconf 88' lang='lat' dir='ltr'>Britanniam</span> <span class='ocrx_word' id='word_1_114' title='bbox 1151 2338 1252 2413; x_wconf 91' lang='lat' dir='ltr'>omni</span> 
     </span>
     <span class='ocr_line' id='line_1_19' title="bbox 186 2453 1254 2554; baseline 0.004 -30"><span class='ocrx_word' id='word_1_115' title='bbox 186 2478 280 2550; x_wconf 89' lang='lat' dir='ltr'>pene</span> <span class='ocrx_word' id='word_1_116' title='bbox 300 2467 434 2523; x_wconf 85' lang='lat' dir='ltr'>armata</span> <span class='ocrx_word' id='word_1_117' title='bbox 449 2455 661 2550; x_wconf 80' lang='lat' dir='ltr'>juventute,</span> <span class='ocrx_word' id='word_1_118' title='bbox 682 2454 865 2553; x_wconf 88' lang='lat' dir='ltr'>copiisque</span> <span class='ocrx_word' id='word_1_119' title='bbox 887 2453 1105 2528; x_wconf 86' lang='lat' dir='ltr'>militaribus</span> <span class='ocrx_word' id='word_1_120' title='bbox 1121 2453 1254 2554; x_wconf 89' lang='lat' dir='ltr'>spolia·</span> 
     </span>
    </p>
   </div>
   <div class='ocr_carea' id='block_1_3' title="bbox 184 2772 1257 4188">
    <p class='ocr_par' dir='ltr' id='par_1_3' title="bbox 184 2772 1257 4188">
     <span class='ocr_line' id='line_1_20' title="bbox 221 2772 1254 2851; baseline 0.002 -21"><span class='ocrx_word' id='word_1_121' title='bbox 221 2777 260 2847; x_wconf 90' lang='grc' dir='ltr'>(ι)</span> <span class='ocrx_word' id='word_1_122' title='bbox 278 2777 312 2850; x_wconf 85' lang='grc'>(9</span> <span class='ocrx_word' id='word_1_123' title='bbox 321 2773 387 2830; x_wconf 82' lang='lat' dir='ltr'>aorit</span> <span class='ocrx_word' id='word_1_124' title='bbox 395 2772 498 2850; x_wconf 76' lang='lat'><strong>378-25</strong></span> <span class='ocrx_word' id='word_1_125' title='bbox 508 2774 576 2830; x_wconf 81' lang='lat' dir='ltr'>aorit</span> <span class='ocrx_word' id='word_1_126' title='bbox 587 2773 668 2846; x_wconf 82' lang='grc'>585).</span> <span class='ocrx_word' id='word_1_127' title='bbox 680 2776 758 2832; x_wconf 79' lang='lat' dir='ltr'>Nous</span> <span class='ocrx_word' id='word_1_128' title='bbox 766 2788 912 2851; x_wconf 82' lang='lat' dir='ltr'>comptons</span> <span class='ocrx_word' id='word_1_129' title='bbox 925 2779 961 2832; x_wconf 86' lang='lat' dir='ltr'>ici</span> <span class='ocrx_word' id='word_1_130' title='bbox 974 2777 1013 2833; x_wconf 86' lang='lat' dir='ltr'>les</span> <span class='ocrx_word' id='word_1_131' title='bbox 1025 2779 1126 2832; x_wconf 71' lang='lat' dir='ltr'>annses</span> <span class='ocrx_word' id='word_1_132' title='bbox 1135 2775 1171 2831; x_wconf 83' lang='lat' dir='ltr'>(le</span> <span class='ocrx_word' id='word_1_133' title='bbox 1179 2776 1254 2834; x_wconf 84' lang='lat' dir='ltr'>Gra-</span> 
     </span>
     <span class='ocr_line' id='line_1_21' title="bbox 186 2863 1255 2939; baseline -0.001 -17"><span class='ocrx_word' id='word_1_134' title='bbox 186 2866 246 2922; x_wconf 85' lang='lat' dir='ltr'>tien</span> <span class='ocrx_word' id='word_1_135' title='bbox 259 2868 274 2919; x_wconf 79' lang='lat' dir='ltr'>a</span> <span class='ocrx_word' id='word_1_136' title='bbox 288 2864 377 2938; x_wconf 91' lang='lat' dir='ltr'>partir</span> <span class='ocrx_word' id='word_1_137' title='bbox 396 2863 431 2918; x_wconf 91' lang='lat' dir='ltr'>de</span> <span class='ocrx_word' id='word_1_138' title='bbox 447 2864 473 2918; x_wconf 82' lang='lat' dir='ltr'>la</span> <span class='ocrx_word' id='word_1_139' title='bbox 490 2875 565 2920; x_wconf 87' lang='lat' dir='ltr'>mort</span> <span class='ocrx_word' id='word_1_140' title='bbox 578 2863 613 2919; x_wconf 91' lang='lat' dir='ltr'>de</span> <span class='ocrx_word' id='word_1_141' title='bbox 625 2864 745 2933; x_wconf 85' lang='lat' dir='ltr'>Valens,</span> <span class='ocrx_word' id='word_1_142' title='bbox 764 2865 819 2921; x_wconf 83' lang='lat' dir='ltr'>stin</span> <span class='ocrx_word' id='word_1_143' title='bbox 837 2866 872 2921; x_wconf 87' lang='lat' dir='ltr'>de</span> <span class='ocrx_word' id='word_1_144' title='bbox 888 2884 958 2921; x_wconf 85' lang='lat' dir='ltr'>nous</span> <span class='ocrx_word' id='word_1_145' title='bbox 971 2865 1142 2938; x_wconf 82' lang='lat' dir='ltr'>rapproeher</span> <span class='ocrx_word' id='word_1_146' title='bbox 1153 2863 1181 2920; x_wconf 88' lang='lat' dir='ltr'>le</span> <span class='ocrx_word' id='word_1_147' title='bbox 1193 2864 1255 2939; x_wconf 85' lang='lat' dir='ltr'>plus</span> 
     </span>
     <span class='ocr_line' id='line_1_22' title="bbox 186 2954 1256 3030; baseline -0.003 -19"><span class='ocrx_word' id='word_1_148' title='bbox 186 2975 241 3030; x_wconf 91' lang='lat' dir='ltr'>que</span> <span class='ocrx_word' id='word_1_149' title='bbox 254 2973 325 3011; x_wconf 90' lang='lat' dir='ltr'>nous</span> <span class='ocrx_word' id='word_1_150' title='bbox 334 2972 458 3029; x_wconf 85' lang='lat' dir='ltr'>pousons</span> <span class='ocrx_word' id='word_1_151' title='bbox 470 2955 509 3011; x_wconf 93' lang='lat' dir='ltr'>du</span> <span class='ocrx_word' id='word_1_152' title='bbox 521 2954 620 3010; x_wconf 78' lang='lat' dir='ltr'>chiffie</span> <span class='ocrx_word' id='word_1_153' title='bbox 633 2955 668 3010; x_wconf 87' lang='lat' dir='ltr'>(le</span> <span class='ocrx_word' id='word_1_154' title='bbox 682 2966 763 3011; x_wconf 88' lang='lat' dir='ltr'>notre</span> <span class='ocrx_word' id='word_1_155' title='bbox 778 2966 888 3010; x_wconf 84' lang='lat' dir='ltr'>auteur.</span> <span class='ocrx_word' id='word_1_156' title='bbox 900 2957 940 3011; x_wconf 87' lang='lat' dir='ltr'>Ce</span> <span class='ocrx_word' id='word_1_157' title='bbox 952 2957 1049 3029; x_wconf 88' lang='lat' dir='ltr'>prinoe</span> <span class='ocrx_word' id='word_1_158' title='bbox 1060 2955 1127 3009; x_wconf 74' lang='lat' dir='ltr'>etait</span> <span class='ocrx_word' id='word_1_159' title='bbox 1138 2965 1256 3029; x_wconf 55' lang='lat' dir='ltr'>auguste</span> 
     </span>
     <span class='ocr_line' id='line_1_23' title="bbox 185 3044 1256 3122; baseline -0.002 -21"><span class='ocrx_word' id='word_1_160' title='bbox 185 3047 234 3101; x_wconf 74' lang='lat' dir='ltr'>des</span> <span class='ocrx_word' id='word_1_161' title='bbox 247 3044 309 3122; x_wconf 79' lang='lat'><strong>367,</strong></span> <span class='ocrx_word' id='word_1_162' title='bbox 323 3063 431 3100; x_wconf 88' lang='lat' dir='ltr'>comme</span> <span class='ocrx_word' id='word_1_163' title='bbox 443 3063 513 3100; x_wconf 85' lang='lat' dir='ltr'>nous</span> <span class='ocrx_word' id='word_1_164' title='bbox 525 3061 630 3100; x_wconf 87' lang='lat' dir='ltr'>venons</span> <span class='ocrx_word' id='word_1_165' title='bbox 640 3044 675 3100; x_wconf 87' lang='lat' dir='ltr'>de</span> <span class='ocrx_word' id='word_1_166' title='bbox 687 3044 713 3099; x_wconf 88' lang='lat' dir='ltr'>le</span> <span class='ocrx_word' id='word_1_167' title='bbox 725 3047 793 3113; x_wconf 84' lang='lat' dir='ltr'>roir,</span> <span class='ocrx_word' id='word_1_168' title='bbox 808 3055 837 3101; x_wconf 90' lang='lat' dir='ltr'>et</span> <span class='ocrx_word' id='word_1_169' title='bbox 849 3045 869 3100; x_wconf 92' lang='lat' dir='ltr'>il</span> <span class='ocrx_word' id='word_1_170' title='bbox 883 3047 954 3101; x_wconf 77' lang='lat' dir='ltr'>avait</span> <span class='ocrx_word' id='word_1_171' title='bbox 968 3044 1083 3100; x_wconf 76' lang='lat' dir='ltr'>sucoede</span> <span class='ocrx_word' id='word_1_172' title='bbox 1097 3048 1112 3100; x_wconf 77' lang='lat' dir='ltr'>a</span> <span class='ocrx_word' id='word_1_173' title='bbox 1125 3062 1175 3099; x_wconf 87' lang='lat' dir='ltr'>son</span> <span class='ocrx_word' id='word_1_174' title='bbox 1189 3047 1256 3119; x_wconf 69' lang='lat' dir='ltr'>pern</span> 
     </span>
     <span class='ocr_line' id='line_1_24' title="bbox 185 3131 1257 3210; baseline 0.001 -20"><span class='ocrx_word' id='word_1_175' title='bbox 185 3135 212 3190; x_wconf 86' lang='lat' dir='ltr'>le</span> <span class='ocrx_word' id='word_1_176' title='bbox 228 3154 258 3210; x_wconf 90' lang='lat'>¹7</span> <span class='ocrx_word' id='word_1_177' title='bbox 271 3132 420 3189; x_wconf 75' lang='lat' dir='ltr'>novembre</span> <span class='ocrx_word' id='word_1_178' title='bbox 430 3131 492 3208; x_wconf 85' lang='grc'>575.</span> <span class='ocrx_word' id='word_1_179' title='bbox 505 3133 653 3188; x_wconf 70' lang='lat' dir='ltr'>Theodooe</span> <span class='ocrx_word' id='word_1_180' title='bbox 664 3135 708 3188; x_wconf 85' lang='lat' dir='ltr'>snt</span> <span class='ocrx_word' id='word_1_181' title='bbox 716 3134 813 3208; x_wconf 79' lang='lat' dir='ltr'>appele</span> <span class='ocrx_word' id='word_1_182' title='bbox 825 3154 875 3208; x_wconf 92' lang='lat' dir='ltr'>par</span> <span class='ocrx_word' id='word_1_183' title='bbox 887 3135 927 3189; x_wconf 90' lang='lat' dir='ltr'>lui</span> <span class='ocrx_word' id='word_1_184' title='bbox 937 3138 954 3190; x_wconf 68' lang='lat' dir='ltr'>a</span> <span class='ocrx_word' id='word_1_185' title='bbox 969 3135 1094 3207; x_wconf 88' lang='lat' dir='ltr'>l&#39;empire</span> <span class='ocrx_word' id='word_1_186' title='bbox 1105 3133 1257 3202; x_wconf 80' lang='lat' dir='ltr'>d’Orient‚&#39;</span> 
     </span>
     <span class='ocr_line' id='line_1_25' title="bbox 185 3220 1254 3298; baseline 0.001 -20"><span class='ocrx_word' id='word_1_187' title='bbox 185 3224 212 3279; x_wconf 87' lang='lat' dir='ltr'>le</span> <span class='ocrx_word' id='word_1_188' title='bbox 231 3243 263 3298; x_wconf 87' lang='lat'>¹9</span> <span class='ocrx_word' id='word_1_189' title='bbox 276 3224 383 3296; x_wconf 76' lang='lat' dir='ltr'>janvier</span> <span class='ocrx_word' id='word_1_190' title='bbox 394 3220 457 3297; x_wconf 85' lang='grc'>579.</span> <span class='ocrx_word' id='word_1_191' title='bbox 470 3224 520 3277; x_wconf 83' lang='lat' dir='ltr'>Les</span> <span class='ocrx_word' id='word_1_192' title='bbox 528 3224 630 3278; x_wconf 78' lang='lat' dir='ltr'>Ariens</span> <span class='ocrx_word' id='word_1_193' title='bbox 642 3241 677 3277; x_wconf 92' lang='lat' dir='ltr'>ne</span> <span class='ocrx_word' id='word_1_194' title='bbox 690 3223 835 3279; x_wconf 78' lang='lat' dir='ltr'>rendirent</span> <span class='ocrx_word' id='word_1_195' title='bbox 846 3242 894 3298; x_wconf 87' lang='lat' dir='ltr'>pas</span> <span class='ocrx_word' id='word_1_196' title='bbox 906 3224 945 3279; x_wconf 87' lang='lat' dir='ltr'>les</span> <span class='ocrx_word' id='word_1_197' title='bbox 959 3222 1057 3295; x_wconf 78' lang='lat' dir='ltr'>eglises</span> <span class='ocrx_word' id='word_1_198' title='bbox 1069 3241 1121 3278; x_wconf 80' lang='lat' dir='ltr'>aur</span> <span class='ocrx_word' id='word_1_199' title='bbox 1134 3223 1254 3280; x_wconf 87' lang='lat' dir='ltr'>catholi-</span> 
     </span>
     <span class='ocr_line' id='line_1_26' title="bbox 185 3312 1255 3390; baseline -0.001 -22"><span class='ocrx_word' id='word_1_200' title='bbox 185 3333 254 3390; x_wconf 84' lang='lat' dir='ltr'>ans</span> <span class='ocrx_word' id='word_1_201' title='bbox 274 3315 309 3369; x_wconf 87' lang='lat' dir='ltr'>de</span> <span class='ocrx_word' id='word_1_202' title='bbox 327 3313 389 3368; x_wconf 90' lang='lat' dir='ltr'>leur</span> <span class='ocrx_word' id='word_1_203' title='bbox 400 3331 504 3387; x_wconf 88' lang='lat' dir='ltr'>propre</span> <span class='ocrx_word' id='word_1_204' title='bbox 521 3324 712 3380; x_wconf 56' lang='lat' dir='ltr'>monument,</span> <span class='ocrx_word' id='word_1_205' title='bbox 732 3315 801 3368; x_wconf 69' lang='lat' dir='ltr'>nans</span> <span class='ocrx_word' id='word_1_206' title='bbox 819 3333 869 3388; x_wconf 88' lang='lat' dir='ltr'>par</span> <span class='ocrx_word' id='word_1_207' title='bbox 885 3314 957 3368; x_wconf 88' lang='lat' dir='ltr'>snite</span> <span class='ocrx_word' id='word_1_208' title='bbox 968 3312 1036 3367; x_wconf 87' lang='lat' dir='ltr'>d&#39;un</span> <span class='ocrx_word' id='word_1_209' title='bbox 1048 3313 1107 3368; x_wconf 76' lang='lat' dir='ltr'>edit</span> <span class='ocrx_word' id='word_1_210' title='bbox 1126 3312 1255 3386; x_wconf 78' lang='lat' dir='ltr'>impen&#39;al</span> 
     </span>
     <span class='ocr_line' id='line_1_27' title="bbox 186 3401 1256 3477; baseline 0.001 -19"><span class='ocrx_word' id='word_1_211' title='bbox 186 3422 250 3459; x_wconf 84' lang='lat' dir='ltr'>sous</span> <span class='ocrx_word' id='word_1_212' title='bbox 260 3403 287 3458; x_wconf 90' lang='lat' dir='ltr'>la</span> <span class='ocrx_word' id='word_1_213' title='bbox 299 3403 363 3460; x_wconf 85' lang='lat' dir='ltr'>date</span> <span class='ocrx_word' id='word_1_214' title='bbox 376 3403 415 3458; x_wconf 87' lang='lat' dir='ltr'>(lu</span> <span class='ocrx_word' id='word_1_215' title='bbox 432 3422 463 3457; x_wconf 83' lang='lat' dir='ltr'>ro</span> <span class='ocrx_word' id='word_1_216' title='bbox 471 3403 579 3474; x_wconf 80' lang='lat' dir='ltr'>janvier</span> <span class='ocrx_word' id='word_1_217' title='bbox 590 3401 652 3459; x_wconf 82' lang='lat'>381.</span> <span class='ocrx_word' id='word_1_218' title='bbox 667 3404 783 3458; x_wconf 85' lang='lat' dir='ltr'>Damase</span> <span class='ocrx_word' id='word_1_219' title='bbox 796 3422 831 3458; x_wconf 94' lang='lat' dir='ltr'>ne</span> <span class='ocrx_word' id='word_1_220' title='bbox 843 3403 953 3477; x_wconf 86' lang='lat' dir='ltr'>pre&#39;sida</span> <span class='ocrx_word' id='word_1_221' title='bbox 969 3403 1049 3475; x_wconf 90' lang='lat' dir='ltr'>point</span> <span class='ocrx_word' id='word_1_222' title='bbox 1061 3402 1087 3457; x_wconf 87' lang='lat' dir='ltr'>le</span> <span class='ocrx_word' id='word_1_223' title='bbox 1100 3403 1208 3459; x_wconf 79' lang='lat' dir='ltr'>concile</span> <span class='ocrx_word' id='word_1_224' title='bbox 1219 3403 1256 3458; x_wconf 78' lang='lat' dir='ltr'>ds</span> 
     </span>
     <span class='ocr_line' id='line_1_28' title="bbox 185 3491 1254 3565; baseline 0 -17"><span class='ocrx_word' id='word_1_225' title='bbox 185 3491 414 3565; x_wconf 84' lang='lat' dir='ltr'>Constantinople</span> <span class='ocrx_word' id='word_1_226' title='bbox 427 3491 463 3547; x_wconf 91' lang='lat' dir='ltr'>de</span> <span class='ocrx_word' id='word_1_227' title='bbox 476 3491 502 3546; x_wconf 89' lang='lat' dir='ltr'>la</span> <span class='ocrx_word' id='word_1_228' title='bbox 518 3492 608 3547; x_wconf 71' lang='lat' dir='ltr'>meme</span> <span class='ocrx_word' id='word_1_229' title='bbox 625 3496 730 3560; x_wconf 74' lang='lat' dir='ltr'>annes,</span> <span class='ocrx_word' id='word_1_230' title='bbox 746 3493 815 3548; x_wconf 92' lang='lat' dir='ltr'>dont</span> <span class='ocrx_word' id='word_1_231' title='bbox 828 3511 899 3548; x_wconf 89' lang='lat' dir='ltr'>nous</span> <span class='ocrx_word' id='word_1_232' title='bbox 917 3511 1000 3548; x_wconf 76' lang='lat' dir='ltr'>avons</span> <span class='ocrx_word' id='word_1_233' title='bbox 1017 3492 1080 3564; x_wconf 75' lang='lat' dir='ltr'>deja</span> <span class='ocrx_word' id='word_1_234' title='bbox 1092 3491 1179 3565; x_wconf 68' lang='grc' dir='ltr'>μήὸ.</span> <span class='ocrx_word' id='word_1_235' title='bbox 1197 3494 1254 3548; x_wconf 76' lang='lat' dir='ltr'>Ar-</span> 
     </span>
     <span class='ocr_line' id='line_1_29' title="bbox 186 3577 1255 3655; baseline 0.003 -22"><span class='ocrx_word' id='word_1_236' title='bbox 186 3578 253 3634; x_wconf 85' lang='lat' dir='ltr'>cade</span> <span class='ocrx_word' id='word_1_237' title='bbox 270 3579 315 3633; x_wconf 82' lang='lat' dir='ltr'>lut</span> <span class='ocrx_word' id='word_1_238' title='bbox 330 3579 404 3635; x_wconf 72' lang='lat' dir='ltr'>eleae</span> <span class='ocrx_word' id='word_1_239' title='bbox 421 3599 457 3635; x_wconf 84' lang='lat' dir='ltr'>an</span> <span class='ocrx_word' id='word_1_240' title='bbox 473 3598 543 3652; x_wconf 83' lang='lat' dir='ltr'>rang</span> <span class='ocrx_word' id='word_1_241' title='bbox 555 3579 700 3655; x_wconf 78' lang='lat' dir='ltr'>d&#39;angnste</span> <span class='ocrx_word' id='word_1_242' title='bbox 716 3600 752 3636; x_wconf 92' lang='lat' dir='ltr'>en</span> <span class='ocrx_word' id='word_1_243' title='bbox 764 3581 874 3652; x_wconf 82' lang='lat' dir='ltr'>janvier</span> <span class='ocrx_word' id='word_1_244' title='bbox 886 3577 948 3636; x_wconf 89' lang='grc'>585.</span> <span class='ocrx_word' id='word_1_245' title='bbox 963 3581 1001 3634; x_wconf 83' lang='lat' dir='ltr'>La</span> <span class='ocrx_word' id='word_1_246' title='bbox 1013 3579 1086 3634; x_wconf 86' lang='lat' dir='ltr'>table</span> <span class='ocrx_word' id='word_1_247' title='bbox 1099 3579 1207 3653; x_wconf 75' lang='lat' dir='ltr'>pascales</span> <span class='ocrx_word' id='word_1_248' title='bbox 1219 3579 1255 3636; x_wconf 80' lang='lat' dir='ltr'>de</span> 
     </span>
     <span class='ocr_line' id='line_1_30' title="bbox 185 3666 1256 3743; baseline 0.002 -22"><span class='ocrx_word' id='word_1_249' title='bbox 185 3666 444 3739; x_wconf 35' lang='lat' dir='ltr'>Theophila-alors</span> <span class='ocrx_word' id='word_1_250' title='bbox 457 3667 629 3724; x_wconf 78' lang='lat' dir='ltr'>ambidiacre</span> <span class='ocrx_word' id='word_1_251' title='bbox 641 3679 670 3725; x_wconf 89' lang='lat' dir='ltr'>et</span> <span class='ocrx_word' id='word_1_252' title='bbox 681 3670 789 3724; x_wconf 86' lang='lat' dir='ltr'>ensuite</span> <span class='ocrx_word' id='word_1_253' title='bbox 800 3669 957 3743; x_wconf 86' lang='lat' dir='ltr'>patriarche</span> <span class='ocrx_word' id='word_1_254' title='bbox 969 3666 1177 3736; x_wconf 78' lang='lat' dir='ltr'>d&#39;Alexandrie,</span> <span class='ocrx_word' id='word_1_255' title='bbox 1190 3679 1256 3742; x_wconf 75' lang='lat' dir='ltr'>part</span> 
     </span>
     <span class='ocr_line' id='line_1_31' title="bbox 185 3751 1255 3823; baseline 0.001 -12"><span class='ocrx_word' id='word_1_256' title='bbox 185 3754 221 3811; x_wconf 74' lang='lat' dir='ltr'>sle</span> <span class='ocrx_word' id='word_1_257' title='bbox 229 3753 336 3809; x_wconf 72' lang='lat' dir='ltr'>l‘aunoe</span> <span class='ocrx_word' id='word_1_258' title='bbox 347 3751 416 3821; x_wconf 80' lang='lat'>380,</span> <span class='ocrx_word' id='word_1_259' title='bbox 428 3758 467 3810; x_wconf 78' lang='lat' dir='ltr'>ob</span> <span class='ocrx_word' id='word_1_260' title='bbox 478 3756 597 3812; x_wconf 87' lang='lat' dir='ltr'>Gratien</span> <span class='ocrx_word' id='word_1_261' title='bbox 609 3769 639 3813; x_wconf 88' lang='lat' dir='ltr'>et</span> <span class='ocrx_word' id='word_1_262' title='bbox 648 3756 795 3813; x_wconf 75' lang='lat' dir='ltr'>Theodose</span> <span class='ocrx_word' id='word_1_263' title='bbox 808 3758 911 3812; x_wconf 78' lang='lat' dir='ltr'>etaient</span> <span class='ocrx_word' id='word_1_264' title='bbox 923 3776 958 3812; x_wconf 92' lang='lat' dir='ltr'>en</span> <span class='ocrx_word' id='word_1_265' title='bbox 971 3755 1036 3811; x_wconf 81' lang='lat' dir='ltr'>effet</span> <span class='ocrx_word' id='word_1_266' title='bbox 1045 3755 1168 3823; x_wconf 86' lang='lat' dir='ltr'>oonsuls,</span> <span class='ocrx_word' id='word_1_267' title='bbox 1183 3757 1255 3812; x_wconf 85' lang='lat' dir='ltr'>mais</span> 
     </span>
     <span class='ocr_line' id='line_1_32' title="bbox 184 3843 1255 3921; baseline 0.002 -22"><span class='ocrx_word' id='word_1_268' title='bbox 184 3844 212 3899; x_wconf 89' lang='lat' dir='ltr'>le</span> <span class='ocrx_word' id='word_1_269' title='bbox 230 3843 352 3917; x_wconf 74' lang='lat' dir='ltr'>psumier</span> <span class='ocrx_word' id='word_1_270' title='bbox 367 3861 440 3916; x_wconf 87' lang='lat' dir='ltr'>pour</span> <span class='ocrx_word' id='word_1_271' title='bbox 451 3845 478 3899; x_wconf 91' lang='lat' dir='ltr'>la</span> <span class='ocrx_word' id='word_1_272' title='bbox 496 3847 653 3921; x_wconf 69' lang='lat' dir='ltr'>cinquieme</span> <span class='ocrx_word' id='word_1_273' title='bbox 666 3858 696 3903; x_wconf 86' lang='lat' dir='ltr'>et</span> <span class='ocrx_word' id='word_1_274' title='bbox 706 3865 763 3903; x_wconf 91' lang='lat' dir='ltr'>non</span> <span class='ocrx_word' id='word_1_275' title='bbox 774 3866 847 3921; x_wconf 89' lang='lat' dir='ltr'>pour</span> <span class='ocrx_word' id='word_1_276' title='bbox 858 3846 884 3900; x_wconf 85' lang='lat' dir='ltr'>la</span> <span class='ocrx_word' id='word_1_277' title='bbox 896 3848 1009 3902; x_wconf 72' lang='lat' dir='ltr'>sirierne</span> <span class='ocrx_word' id='word_1_278' title='bbox 1021 3847 1084 3902; x_wconf 85' lang='lat' dir='ltr'>sois.</span> <span class='ocrx_word' id='word_1_279' title='bbox 1098 3847 1135 3902; x_wconf 75' lang='lat' dir='ltr'>la</span> <span class='ocrx_word' id='word_1_280' title='bbox 1149 3844 1255 3901; x_wconf 72' lang='lat' dir='ltr'>re&#39;solts</span> 
     </span>
     <span class='ocr_line' id='line_1_33' title="bbox 184 3931 1255 4010; baseline 0.005 -22"><span class='ocrx_word' id='word_1_281' title='bbox 184 3933 221 3989; x_wconf 82' lang='lat' dir='ltr'>sle</span> <span class='ocrx_word' id='word_1_282' title='bbox 232 3933 352 3989; x_wconf 79' lang='lat' dir='ltr'>llauinte</span> <span class='ocrx_word' id='word_1_283' title='bbox 363 3942 405 3988; x_wconf 86' lang='lat' dir='ltr'>est</span> <span class='ocrx_word' id='word_1_284' title='bbox 415 3931 452 3988; x_wconf 85' lang='lat' dir='ltr'>de</span> <span class='ocrx_word' id='word_1_285' title='bbox 463 3932 532 4005; x_wconf 81' lang='grc'>585,</span> <span class='ocrx_word' id='word_1_286' title='bbox 546 3946 576 3992; x_wconf 85' lang='lat' dir='ltr'>et</span> <span class='ocrx_word' id='word_1_287' title='bbox 590 3936 754 4010; x_wconf 83' lang='lat' dir='ltr'>l&#39;expulsion</span> <span class='ocrx_word' id='word_1_288' title='bbox 767 3937 803 3993; x_wconf 86' lang='lat' dir='ltr'>de</span> <span class='ocrx_word' id='word_1_289' title='bbox 819 3938 999 3996; x_wconf 78' lang='lat' dir='ltr'>Valentinien</span> <span class='ocrx_word' id='word_1_290' title='bbox 1018 3939 1046 3993; x_wconf 92' lang='lat'>11</span> <span class='ocrx_word' id='word_1_291' title='bbox 1059 3936 1095 3993; x_wconf 88' lang='lat' dir='ltr'>de</span> <span class='ocrx_word' id='word_1_292' title='bbox 1106 3936 1207 3992; x_wconf 83' lang='lat' dir='ltr'>l’ltalie</span> <span class='ocrx_word' id='word_1_293' title='bbox 1217 3935 1255 3993; x_wconf 82' lang='lat' dir='ltr'>slo</span> 
     </span>
     <span class='ocr_line' id='line_1_34' title="bbox 185 4022 1255 4101; baseline 0.007 -23"><span class='ocrx_word' id='word_1_294' title='bbox 185 4022 248 4099; x_wconf 78' lang='lat'>3⁸7.</span> <span class='ocrx_word' id='word_1_295' title='bbox 263 4023 301 4078; x_wconf 81' lang='lat' dir='ltr'>La</span> <span class='ocrx_word' id='word_1_296' title='bbox 313 4022 478 4079; x_wconf 72' lang='lat' dir='ltr'>dsoouverre</span> <span class='ocrx_word' id='word_1_297' title='bbox 487 4024 536 4081; x_wconf 82' lang='lat' dir='ltr'>des</span> <span class='ocrx_word' id='word_1_298' title='bbox 548 4025 670 4101; x_wconf 82' lang='lat' dir='ltr'>reliques</span> <span class='ocrx_word' id='word_1_299' title='bbox 678 4025 714 4081; x_wconf 87' lang='lat' dir='ltr'>(le</span> <span class='ocrx_word' id='word_1_300' title='bbox 726 4028 798 4081; x_wconf 81' lang='lat' dir='ltr'>saint</span> <span class='ocrx_word' id='word_1_301' title='bbox 808 4028 924 4083; x_wconf 83' lang='lat' dir='ltr'>Gerrais</span> <span class='ocrx_word' id='word_1_302' title='bbox 936 4038 964 4082; x_wconf 88' lang='lat' dir='ltr'>et</span> <span class='ocrx_word' id='word_1_303' title='bbox 976 4029 1048 4083; x_wconf 85' lang='lat' dir='ltr'>saint</span> <span class='ocrx_word' id='word_1_304' title='bbox 1059 4026 1169 4082; x_wconf 86' lang='lat' dir='ltr'>Protais</span> <span class='ocrx_word' id='word_1_305' title='bbox 1181 4025 1255 4086; x_wconf 79' lang='lat' dir='ltr'>avait</span> 
     </span>
     <span class='ocr_line' id='line_1_35' title="bbox 184 4112 948 4188; baseline -0.003 -17"><span class='ocrx_word' id='word_1_306' title='bbox 184 4132 222 4171; x_wconf 85' lang='lat' dir='ltr'>eu</span> <span class='ocrx_word' id='word_1_307' title='bbox 233 4112 290 4170; x_wconf 87' lang='lat' dir='ltr'>lieu</span> <span class='ocrx_word' id='word_1_308' title='bbox 302 4113 409 4169; x_wconf 71' lang='lat' dir='ltr'>l’annee</span> <span class='ocrx_word' id='word_1_309' title='bbox 419 4115 468 4188; x_wconf 91' lang='lat' dir='ltr'>qui</span> <span class='ocrx_word' id='word_1_310' title='bbox 481 4115 598 4187; x_wconf 83' lang='lat' dir='ltr'>pre’oe&#39;da</span> <span class='ocrx_word' id='word_1_311' title='bbox 610 4135 642 4172; x_wconf 90' lang='lat' dir='ltr'>oe</span> <span class='ocrx_word' id='word_1_312' title='bbox 655 4115 766 4172; x_wconf 84' lang='lat' dir='ltr'>dernier</span> <span class='ocrx_word' id='word_1_313' title='bbox 777 4118 948 4172; x_wconf 74' lang='lat' dir='ltr'>estnemenr.</span> 
     </span>
    </p>
   </div>
   <div class='ocr_carea' id='block_1_4' title="bbox 0 0 1453 4958">
    <p class='ocr_par' dir='ltr' id='par_1_4' title="bbox 0 0 1453 4958">
     <span class='ocr_line' id='line_1_36' title="bbox 0 0 1453 4958; baseline 0 0"><span class='ocrx_word' id='word_1_314' title='bbox 0 0 1453 4958; x_wconf 95' lang='lat' dir='ltr'> </span> 
     </span>
    </p>
   </div>
  </div>
 </body>
</html>
