2894 4958
187 373 245 433 138
463 367 649 429 nts‘roatt
671 366 977 428 ECCLESIASTICA.

236 496 278 567 ln
305 490 419 565 Gallia
447 488 702 565 Theodeberto
719 505 757 562 et
777 486 1004 564 Theoderico
1024 487 1173 589 regibus
1197 486 1260 563 de-

186 611 344 698 functis,
365 608 559 683 Lotharius
574 635 725 709 maguus
741 606 913 707 Hilperici
937 605 1033 681 filius
1050 604 1203 696 floruit,
1226 622 1261 681 et

188 726 436 804 monarchiam
457 728 619 801 Franciae
642 725 739 799 solus
757 723 932 798 obtinuit.
959 723 1042 818 Quo
1061 721 1258 811 defunctu,

188 844 413 948 Dagobertus
428 845 523 920 filius
539 848 614 944 ejus
641 845 672 918 ei
696 843 886 930 successit,
911 857 948 917 et
970 866 1024 915 xn
1047 841 1154 915 annis
1178 866 1260 942 reg-

189 990 281 1036 num
310 977 456 1036 strenue
489 959 719 1062 gubernavit.
757 958 898 1035 Deinde
934 956 1137 1034 Ciodoveus
1168 955 1260 1030 filim

191 1081 266 1177 ejus
284 1103 374 1153 xxvr
392 1077 497 1151 annis
519 1076 703 1177 regnavit,
719 1075 950 1174 moriensque
968 1072 1130 1147 diadema
1145 1068 1261 1144 trihus

191 1195 275 1269 filiis
288 1197 361 1268 suis
378 1227 387 1267 ε
404 1194 592 1285 Lothario,
608 1192 835 1268 Theoderico
848 1208 885 1266 et
899 1191 1084 1266 Hildcrico
1099 1190 1259 1292 reliquit.

193 1309 435 1413 Temporibus
469 1311 602 1386 horum
632 1338 758 1412 regum
796 1312 833 1383 in
869 1309 1017 1383 Francia
1053 1309 1121 1381 viri
1151 1307 1261 1381 sancti

192 1426 389 1501 virtutibus
402 1445 439 1503 et
448 1430 558 1530 signis
571 1428 795 1518 claruerunt,
810 1429 995 1503 Romanus
1004 1443 1042 1500 et
1053 1425 1261 1513 Audocnus,

192 1544 394 1621 Ansbertus
408 1563 445 1623 et
456 1548 612 1648 Eligius,
630 1545 805 1621 Ehrulfus
822 1562 859 1619 et
874 1553 1143 1631 Launomarus,
1163 1544 1264 1617 Man-

191 1690 254 1737 rus
272 1679 308 1737 et
321 1664 584 1753 Columbanus,
603 1663 824 1736 Philibertus
842 1679 878 1738 et
894 1661 1215 1762 Guaudregiailus,
1230 1674 1264 1735 ct

191 1781 325 1883 aliique
343 1783 464 1885 plnres
483 1782 553 1857 fide
578 1799 614 1857 et
637 1781 896 1882 praedicatione
911 1780 1111 1881 pollentes,
1131 1778 1264 1853 saucti-

193 1914 265 1974 tate
283 1917 320 1975 et
336 1900 510 2002 prodigiis
529 1918 758 1977 coruscantes
772 1901 789 2000 (
797 1900 844 1999 ι).
874 1939 876 1944 ·

189 2187 231 2242 tin
243 2186 270 2243 ie
276 2189 344 2259 jour
354 2187 391 2243 de
400 2189 521 2263 Piquea,
535 2206 566 2242 ra
579 2187 647 2244 avril
655 2189 719 2264 627,
732 2200 761 2244 et
773 2208 825 2262 par
837 2192 1009 2264 consequent
1020 2189 1089 2243 daus
1101 2187 1128 2243 la
1142 2188 1263 2263 dix-acp-

190 2279 276 2333 tieme
293 2281 381 2333 annes
396 2278 583 2347 d'Heraclius‚
597 2291 626 2335 ct
642 2298 700 2336 nou
717 2298 765 2353 pas
783 2280 852 2335 (laus
868 2279 894 2335 la
913 2281 1055 2349 sciziime,
1071 2288 1137 2334 cent
1151 2289 1263 2353 qumo-

191 2369 283 2443 vingts
294 2387 344 2423 ans
355 2371 435 2442 apres
447 2370 547 2445 l'appei
560 2370 611 2426 tait
623 2389 676 2426 aux
687 2371 896 2444 anglo-saxone
906 2389 957 2444 par
967 2370 1133 2443 Wortigern
1142 2411 1152 2439 ,
1162 2380 1193 2425 ct
1204 2378 1265 2427 καί

192 2456 458 2512 soixante-dix-huit
470 2458 622 2514 seniement
632 2458 730 2533 depuis
740 2459 801 2514 leur
812 2460 926 2514 arrive'e.
937 2459 1012 2513 Dans
1023 2456 1265 2513 Pavent-demicte

192 2547 293 2620 phrase
306 2547 345 2601 du
354 2549 543 2621 paragrapho,
555 2551 634 2623 apres
647 2569 692 2606 ces
707 2560 796 2605 mota:
814 2553 842 2604 in
852 2549 1044 2605 observatione
1058 2546 1181 2603 Purchoe
1192 2566 1264 2603 cran-

192 2655 265 2703 rem,
278 2636 384 2708 ajouter
397 2637 511 2693 celui-ci
523 2663 529 2692 z
543 2639 864 2712 quartodecimanorum,
878 2658 935 2713 que
943 2648 1024 2695 notre
1036 2647 1202 2693 auteuraeu
1211 2646 1266 2694 tort

192 2725 228 2779 de
247 2743 342 2799 nepas
359 2739 524 2801 empruntcr
537 2747 644 2783 comme
656 2739 720 2784 tout
738 2729 763 2784 le
782 2739 855 2784 reate
871 2730 888 2783 h
904 2746 955 2783 son
972 2726 1057 2802 guide
1072 2727 1212 2784 habituri.
1230 2728 1265 2783 hc

192 2814 337 2886 pontificat
349 2815 520 2872 d’Honorius
532 2818 660 2873 s'etcndit
670 2817 769 2890 depuis
781 2815 833 2871 625
847 2835 884 2872 ou
900 2815 954 2872 626
963 2816 1093 2891 jusqu’au
1109 2833 1140 2871 ra
1153 2816 1267 2873 octobre

191 2901 254 2959 658.
269 2906 305 2958 La
324 2904 406 2960 lettre
424 2907 458 2961 de
475 2909 543 2962 Jean
558 2909 601 2964 IV
615 2927 668 2962 anx
681 2908 760 2963 Scots
773 2926 810 2961 on
825 2894 946 2962 E'cossais
962 2907 1022 2962 doit
1037 2907 1097 2963 titre
1110 2905 1147 2961 de
1162 2906 1266 2962 l’auude

191 2993 253 3058 640.
271 2995 377 3068 Topica,
400 3014 448 3051 sur
467 3007 531 3051 tous
548 3014 593 3052 cea
612 3000 801 3064 &vehemente
820 2996 846 3051 ie
867 2996 967 3051 second
984 2995 1052 3049 livre
1070 2995 1106 3049 de
1127 2993 1266 3052 t’fflstor're

192 3087 399 3159 eccleiiustique
410 3085 446 3141 de
460 3086 542 3141 Bede.

227 3177 265 3246 (r)
280 3176 354 3230 Lisez
369 3175 535 3243 chlotarius,
550 3175 721 3246 Ciu'lpcricus
730 3186 760 3230 et
772 3175 953 3230 Cliildericus.
964 3173 1267 3230 Theodebettllmou·

192 3275 239 3319 rut
252 3284 312 3320 vers
325 3265 350 3320 la
364 3265 402 3319 fin
415 3265 450 3320 de
461 3264 528 3333 612,
544 3276 571 3320 et
586 3265 700 3319 Thierri
712 3265 741 3319 ΙΙ
754 3284 788 3319 en
802 3263 864 3320 613.
878 3267 903 3320 A
916 3267 1003 3338 partir
1013 3264 1048 3319 de
1057 3275 1130 3320 cette
1143 3267 1264 3341 c'poque.

191 3354 314 3409 Clotaire
324 3355 352 3408 II
364 3357 448 3425 regna
457 3353 633 3427 seuljusqu’h
641 3371 670 3407 sa
678 3362 752 3407 niort
760 3371 794 3406 en
803 3353 869 3421 628,
883 3353 946 3407 sani
954 3353 1136 3408 i'association
1144 3370 1181 3408 au
1188 3350 1267 3409 tione

191 3441 361 3498 d‘Austrasio
371 3443 406 3498 de
418 3443 560 3516 Dagobcrt
569 3444 614 3510 1⁰¹,
625 3460 673 3496 son
685 3441 740 3509 fiis,
750 3459 785 3496 en
794 3440 857 3496 (iau.
867 3444 904 3496 Le
912 3441 1012 3497 chiffre
1023 3440 1059 3496 de
1071 3440 1161 3496 douae
1173 3446 1268 3495 ansat-

191 3531 285 3586 tribue
297 3535 351 3586 iace
360 3531 473 3587 dernier
481 3543 522 3588 est
531 3533 652 3600 inexact,
666 3532 718 3586 soit
729 3531 813 3606 qu'on
821 3530 891 3586 sasse
900 3531 989 3604 partit·
997 3548 1048 3585 sou
1058 3531 1144 3603 regne
1152 3528 1269 3584 decens

192 3626 300 3695 c'poque
312 3642 349 3677 ou
366 3623 400 3678 de
414 3623 480 3691 628,
498 3622 629 3697 puisqu’il
649 3634 764 3677 mourut
778 3622 803 3676 le
822 3642 853 3696 ¹9
861 3622 969 3694 jauvier
982 3619 1051 3688 658,
1069 3620 1162 3694 ecqui
1176 3618 1267 3673 donne

192 3715 262 3767 seiae
280 3733 377 3769 ausen
390 3717 531 3769 Austrasic
549 3727 577 3769 et
593 3715 641 3769 dix
653 3735 688 3769 en
706 3715 836 3768 Ncustrie
849 3724 877 3767 ct
890 3731 926 3767 en
944 3715 1120 3786 Bourgogne.
1135 3711 1229 3767 Clovis
1240 3709 1267 3763 Π

192 3803 235 3857 n'a
245 3806 330 3877 regne
342 3822 397 3877 que
408 3804 536 3859 dix-urus
545 3822 593 3858 ans
601 3807 774 3860 commences
783 3806 829 3877 (19
838 3804 946 3875 janricr
957 3800 1184 3874 638-septembrc
1193 3796 1266 3869 656).

192 3891 336 3946 Chiideric
352 3891 395 3946 sut
411 3893 437 3946 le
449 3892 596 3948 deuxibrnc
609 3894 643 3949 de
656 3912 698 3948 sea
713 3893 767 3959 iiis,
782 3904 811 3948 ct
829 3893 943 3947 Thicrri
963 3893 1006 3946 III
1019 3891 1045 3946 le
1059 3891 1210 3945 troisienie.
1223 3888 1269 3943 six

193 3979 240 4032 des
254 3981 339 4034 saints
353 3999 537 4057 personnages
548 3984 724 4038 mentionees
738 3983 774 4037 ici
787 3983 1001 4055 apparticnncut
1013 3984 1029 4034 t
1043 3980 1069 4033 la
1085 3975 1268 4033 Norrnandie.

193 4070 222 4122 Si
236 4088 272 4122 on
285 4069 325 4123 les
339 4070 422 4125 classe
436 4071 543 4145 d'apri‘s
556 4072 659 4127 l’ordre
672 4071 893 4145 chronologique
911 4090 966 4145 que
984 4070 1090 4125 iournit
1107 4069 1133 4123 ia
1150 4067 1217 4122 datu
1235 4064 1271 4117 dc

192 4160 252 4213 lrur
277 4172 368 4228 niort,
394 4180 430 4215 on
456 4173 582 4218 trouvera
610 4182 664 4236 que
693 4163 762 4217 trois
788 4162 895 4217 d‘cntre
916 4181 968 4216 cur
994 4159 1211 4233 apparticnnent
1235 4171 1270 4208 ιιι
