2916 4958
208 345 271 413 aaa
484 340 670 404 nrsroan
690 339 998 420 sustulimus.

208 488 354 565 quoque
365 462 473 554 duas,
488 488 572 565 quae
585 463 769 537 canonicae
784 462 1011 565 appellantur
1023 462 1093 562 (t).
1108 455 1282 539 llic-teui-

206 577 358 681 poribus
381 576 521 673 Tiberii
544 580 716 670 Cauris,
748 579 827 653 Gaii
854 580 1047 682 Caligulae,
1076 579 1218 655 Claudii
1245 596 1283 657 et

134 791 138 800 ¹
207 696 384 787 Neronis,
403 697 443 770 iu
455 697 560 772 vinea
571 695 706 771 Christi
721 697 876 772 viriliter
892 695 1090 786 laboravit,
1106 697 1282 800 egregius·

204 839 278 914 que
299 812 494 915 discipulos
512 814 677 888 educavit
682 843 694 906 3
712 813 910 888 virtutihus
928 829 966 888 et
982 814 1189 889 eruditione
1208 815 1282 889 im-

206 929 316 1035 butos
338 959 406 1033 per
427 930 567 1007 diversa
584 931 663 1006 loca
685 930 879 1007 destinavit
898 932 1090 1006 {Marcum
1111 930 1281 1007 videlicet

206 1032 363 1135 filiolum
369 1103 380 1139 ,
399 1048 688 1151 discipulumque
706 1075 812 1122 suum
826 1048 1022 1150 Aquileia,
1042 1047 1281 1148 postmodum

205 1165 453 1256 alexandria
472 1165 675 1242 Martialem
695 1167 917 1256 lemovicae,
935 1166 1185 1267 Apollinarem
1203 1167 1280 1240 Rr-

204 1308 353 1373 vennae,
368 1284 553 1362 Valerium
571 1285 738 1359 Treveris
756 1300 793 1358 et
809 1285 898 1358 alios
914 1284 1035 1383 plures
1045 1336 1057 1373 ,
1078 1284 1144 1385 qui
1162 1281 1280 1359 divas

203 1398 249 1469 sis
275 1399 312 1472 in
341 1398 430 1473 locis
452 1401 566 1475 multa
589 1401 630 1497 in
651 1401 802 1475 nomine
828 1400 1159 1475 Christimiracula
1181 1400 1280 1477 fece

203 1529 309 1605 runt,
328 1531 365 1591 ct
381 1515 503 1615 plures
518 1517 766 1616 maximosque
785 1532 902 1590 coetus
921 1517 1114 1616 gentilium
1131 1517 1177 1590 ad
1194 1515 1278 1593 fidei

201 1631 326 1707 lumen
356 1650 633 1735 pertraxerunt,
664 1651 774 1735 atque
805 1633 895 1706 sacri
923 1631 1147 1733 baptismatis
1179 1632 1278 1723 unda

200 1765 448 1850 regeneratos,
477 1750 515 1824 in
539 1751 621 1824 sinu
644 1751 715 1850 piae
738 1750 864 1824 matris
881 1749 1047 1824 Ecclesiae
1073 1750 1279 1827 collocave-

201 1876 303 1940 runtss
1231 1872 1235 1879 '

251 1981 445 2077 Quondam
461 1987 611 2074 Romae,
629 1983 718 2058 dum
735 1983 885 2084 plurimi
909 1983 1040 2058 fratres
1063 1982 1172 2056 simul
1189 1980 1279 2059 reli·

201 2117 346 2191 cerunt,
372 2102 478 2183 Titus
494 2100 587 2176 dixit
606 2103 772 2204 apostolo
792 2102 901 2176 Petro
927 2131 937 2172 ι
966 2101 1061 2174 Cum
1077 2094 1277 2187 universio

200 2231 235 2287 te
253 2217 440 2291 salventur
459 2218 616 2318 infirmi,
640 2245 755 2319 quare
770 2217 1012 2292 Petrunillam
1024 2217 1278 2319 paralyticam

192 2333 324 2432 jacere
347 2335 556 2436 permittis?
582 2336 776 2435 Apostolus
802 2361 890 2410 vero
913 2335 964 2408 ait
992 2366 1001 2408 ε
1032 2335 1099 2408 Sic
1122 2333 1277 2437 expedit

199 2449 247 2521 ei.
271 2449 349 2523 Sed
364 2477 413 2527 na
432 2453 658 2526 existimetur
678 2451 954 2556 impossibilitas
976 2453 1057 2552 ejus
1074 2450 1276 2525 incolum·-

199 2566 285 2640 tatis
303 2574 478 2644 excusari
493 2572 583 2645 meis
598 2570 845 2662 sermonibus,
864 2571 915 2643 ait
933 2568 1071 2644 adeam
1096 2599 1105 2642 ε
1131 2569 1271 2672 Surge,

198 2684 432 2793 Petronilla,·
466 2689 573 2764 nobis
609 2690 790 2764 ministra.
828 2688 960 2763 Statim
995 2713 1079 2760 sana
1115 2685 1274 2761 surrexit

197 2814 235 2873 et
253 2802 485 2879 ministravit.
512 2805 719 2880 Ministerio
743 2821 865 2880 autem
889 2805 1052 2905 expleto,
1068 2802 1177 2902 jussit
1192 2826 1273 2878 eam

197 2917 315 2993 redire
336 2920 381 2993 ad
393 2920 606 3022 pabutum.
627 2920 677 2995 At
694 2918 760 2994 ubi
777 2922 815 2996 in
831 2921 896 2996 Dei
914 2922 1047 2996 timore
1062 2920 1180 3020 coepit
1197 2942 1273 2994 esse

196 3035 355 3134 perfecta
365 3091 376 3128 ,
396 3065 474 3113 nun
491 3040 609 3114 solum
629 3040 703 3140 ipsa
720 3039 850 3113 salvata
868 3053 939 3129 est,
965 3037 1027 3112 sed
1048 3037 1159 3112 etiam
1181 3034 1270 3136 plu-

193 3312 257 3385 plus
267 3317 360 3372 caucis
377 3335 433 3392 que
449 3335 519 3373 ceux
535 3317 571 3374 de
585 3318 657 3374 saint
668 3318 796 3375 Mathieu
811 3328 841 3374 et
857 3317 892 3374 de
906 3318 978 3373 saint
990 3316 1063 3384 Luc,
1083 3333 1120 3371 ne
1135 3324 1271 3390 supporta

193 3420 249 3476 quc
261 3402 334 3460 deux
342 3406 405 3462 faits
416 3405 592 3481 particuliers
604 3406 640 3462 de
651 3426 707 3481 peu
718 3407 919 3481 d‘importauce
928 3406 978 3481 qui
991 3424 1027 3462 ue
1037 3423 1067 3461 se
1079 3414 1269 3478 uuuvcntpn

193 3490 263 3548 daus
272 3511 318 3550 ces
329 3493 469 3567 demiers,
479 3494 552 3553 ilast
567 3497 671 3570 permis
682 3497 718 3553 de
731 3496 833 3554 douter
845 3496 914 3572 qu'il
926 3497 966 3552 ait
979 3496 1059 3570 puise
1071 3498 1089 3551 a
1099 3513 1156 3551 une
1168 3512 1278 3552 source.

193 3583 243 3655 qui
256 3585 348 3640 aurait
358 3585 397 3640 dt
410 3585 452 3642 lui
462 3586 574 3645 suumin
585 3606 626 3644 uu
637 3587 703 3643 bien
716 3587 779 3661 plus
788 3586 877 3661 grand
890 3574 1007 3643 nomlire
1016 3585 1053 3642 de
1062 3585 1268 3641 cia-constance!

193 3673 293 3729 emises
305 3694 355 3748 par
363 3675 505 3736 lesautm
513 3678 703 3752 dvangdlistes.
714 3677 789 3734 Dans
802 3687 866 3733 tous
876 3676 916 3732 lea
928 3694 987 3746 aas,
998 3674 1038 3732 lea
1047 3675 1150 3732 danila
1158 3674 1267 3732 domes

192 3762 208 3814 a
223 3778 254 3814 ce
266 3760 340 3833 sujet
351 3782 402 3838 par
414 3774 496 3821 notre
507 3775 606 3822 auteur
619 3775 682 3821 sant
693 3764 908 3839 complitemeut
916 3764 1096 3838 apocryphas.
1138 3802 1140 3806 .

226 3849 265 3918 (1)
283 3850 320 3904 La
333 3852 472 3925 premiere
483 3852 531 3910 des
544 3853 618 3910 deux
629 3854 731 3927 epitres
743 3852 778 3908 de
794 3854 867 3908 amnt
881 3853 977 3908 Pierre
988 3862 1032 3906 cst
1043 3850 1128 3906 d’une
1141 3849 1264 3906 authen·

191 3933 269 3992 ticite
279 3939 329 4012 qui
342 3939 385 3995 u’a
394 3939 494 4011 jamais
504 3943 549 3998 ete'
560 3944 712 4016 suspectis.
726 3942 764 3998 La
777 3940 939 4005 deumiura,
951 3958 987 3995 au
999 3939 1152 4008 contraire,
1164 3938 1210 3995 n‘a
1219 3939 1264 3994 ete·

191 4043 273 4100 reque
283 4028 396 4102 qu’avec
407 4029 493 4087 doute
503 4050 554 4105 par
563 4031 697 4106 Origine,
709 4030 817 4090 Busche
825 4041 854 4088 et
863 4031 936 4087 suut
944 4029 1071 4097 strom„
1081 4026 1267 4100 arnourd'ltu't

191 4116 243 4174 clla
255 4128 297 4177 est
311 4120 517 4194 generalement
528 4123 642 4181 adnisa.
