2894 4958
538 379 656 443 LIBER
677 378 834 440 PRIMUS.
1176 383 1212 442 21

156 501 403 577 monumentis
422 500 549 599 egressi
566 513 667 588 sunt,
691 512 728 571 et
741 509 970 571 occurrentes
993 499 1023 570 ei
1043 499 1215 573 exclama-

157 634 289 694 verunt
313 648 322 689 ε
356 616 460 717 Quid
481 615 585 690 nobis
606 633 640 688 et
665 614 749 705 tibi,
772 613 861 687 Jesu
866 613 934 714 fili
952 615 1027 687 Dei
1032 614 1054 688 2
1072 617 1218 691 Venisti

157 736 229 810 bue
250 752 336 808 ante
359 751 498 836 tempus
522 751 684 833 torquere
707 730 802 805 nos?
828 730 874 804 Si
892 732 995 833 ejicis
1016 759 1100 822 nos,
1120 736 1219 807 mitte

157 879 224 927 nos
252 854 293 925 in
314 876 462 951 gregem
478 873 691 954 porcorum.
716 849 767 922 Et
792 849 843 920 ait
870 849 940 922 illis
968 879 977 920 ε
1006 851 1075 953 Ite.
1098 851 1147 923 At
1164 850 1218 924 illi

100 1019 105 1028 ·
156 994 286 1068 porcos
307 967 515 1040 invaserunt
532 980 721 1066 totumque
737 991 881 1065 gregem
899 965 936 1037 in
954 964 1068 1037 salum
1085 969 1217 1065 praeci-

156 1088 375 1185 pitaverunt.
407 1083 466 1156 sic
491 1109 510 1156 a
535 1082 674 1184 legione
699 1081 908 1156 daemonum
938 1081 981 1154 ad
1008 1081 1081 1156 duo
1105 1084 1220 1156 millia

154 1226 350 1301 porcorum
362 1199 704 1300 grex'praecipitatus
721 1213 791 1289 est,
806 1199 893 1272 etin
907 1198 997 1270 mari
1010 1199 1214 1272 suffocatus.

153 1321 315 1392 Pastores
331 1331 451 1391 autem
467 1316 659 1417 fugerunt,
679 1329 715 1389 et
731 1315 915 1389 venientes
934 1315 971 1388 in
987 1312 1117 1389 urbem
1133 1341 1219 1391 om-

154 1436 212 1507 nia
238 1433 510 1508 nuntiaverunt.
535 1431 751 1506 Hominibus
770 1433 889 1532 itaque
913 1432 1062 1523 sanatis,
1085 1435 1220 1534 porcis-

155 1576 225 1651 que
238 1550 485 1651 praecipitatis,
499 1549 667 1624 Geraseni
682 1549 726 1623 de
738 1551 803 1622 ista
817 1551 961 1625 civitate
977 1551 1086 1624 nimis
1099 1551 1219 1625 territi

155 1667 339 1757 exierunt,
366 1667 654 1766 Dominumqne‚
678 1680 720 1739 ut
745 1693 765 1738 a
791 1664 925 1740 finibus
950 1691 1076 1740 eorum
1101 1682 1221 1742 trans-
1254 1661 1258 1670 ¹

157 1786 248 1874 iret,
266 1784 368 1858 stulti
384 1798 602 1885 rogaverunt
616 1785 687 1884 (1).
706 1782 835 1858 Gerasa
853 1799 907 1858 est
924 1781 1012 1855 urbs
1031 1785 1069 1857 in
1086 1782 1219 1859 Arabia

158 1918 257 1974 trans
280 1902 491 1997 Jordanem,
511 1904 636 2001 juncta
655 1903 772 1976 monti
793 1901 942 1989 Galaad3
968 1928 1076 2002 quam
1102 1903 1222 1977 tenuit

157 2016 275 2090 tn'bns
295 2019 475 2108 Manasse,
497 2043 575 2092 non
592 2018 699 2117 longe
719 2044 739 2089 a
761 2033 887 2117 stagno
910 2015 1130 2107 Tiberiadis,
1156 2015 1221 2090 ubi

158 2159 235 2207 sues
254 2133 404 2209 demersi
428 2148 526 2209 sunt.
546 2134 636 2228 Quoe
660 2135 943 2235 interpretatur:
964 2133 1131 2237 rodinum
1149 2135 1222 2236 eji-
1269 2161 1281 2187 ·

158 2251 270 2338 ciens,
282 2248 340 2323 vel
353 2251 494 2326 advena
506 2253 810 2353 appropinquans
816 2282 832 2337 ‚·
842 2249 992 2350 gentiles
1000 2248 1219 2350 significans,

155 2363 200 2436 ad
214 2389 306 2465 quos
319 2364 503 2439 salvandos
515 2366 626 2438 Filius
639 2366 703 2440 Dei
716 2366 880 2453 accessit,
895 2363 982 2437 dnm
997 2390 1141 2438 earnem
1157 2363 1221 2437 hn-

155 2507 298 2556 manam
314 2483 510 2583 assumpsit.
530 2483 635 2572 Duo,
657 2509 747 2583 quos
770 2483 865 2582 legio
881 2481 1090 2555 daemonum
1105 2482 1222 2583 possi-

154 2598 273 2689 debat,
289 2598 545 2700 duosiigurant
554 2599 722 2699 populos,
734 2597 1218 2690 Judaeorum'etGentilinm3

155 2713 286 2814 quibus
293 2714 547 2788 dominabatur
556 2716 768 2788 universitas
778 2716 965 2789 vitiorum.
977 2716 1017 2786 ln
1026 2715 1222 2815 sepulchris

154 2831 385 2923 babitabant,
415 2834 499 2934 quia
523 2833 677 2906 mortuis
697 2830 885 2930 operibus,
917 2829 953 2902 id
969 2846 1022 2904 est
1048 2835 1221 2930 peccatis,

156 2947 371 3022 serviebant.
392 2946 557 3021 Sa'tbanoe
579 2945 743 3021 debilitas
761 2947 798 3017 in
820 2944 889 3018 hoc
905 2945 1092 3020 manifeste
1104 2953 1223 3047 pates·
1331 2957 1333 2962 “

157 3065 229 3152 cit,
248 3061 346 3164 quod
363 3090 431 3138 nec
444 3063 564 3163 porcis
576 3063 653 3136 sine
667 3063 844 3162 permissu
856 3063 920 3137 Dei
936 3089 1068 3137 nocere
1084 3066 1218 3163 potuit.

158 3176 253 3251 Nota
268 3175 386 3280 quod,
403 3177 491 3250 dum
507 3177 748 3277 praedestinati
766 3177 938 3250 advitam
960 3178 1004 3250 ad
1024 3179 1223 3254 Dominum

158 3308 435 3382 convertuntur,
451 3310 578 3368 etsana
590 3295 731 3368 ratione
741 3309 882 3368 utentes
895 3295 1089 3383 salvantur,
1101 3298 1221 3395 spurci

159 3409 358 3510 tumidique
383 3409 565 3500 idolatrae,
592 3427 629 3485 et
653 3437 778 3484 omnes
802 3408 948 3509 reprobi
971 3412 1142 3510 nequitiis
1164 3415 1220 3493 in·

158 3527 353 3618 haerentes,
372 3529 435 3628 qui
447 3554 512 3627 per
524 3553 653 3627 porcos
666 3525 911 3627 designantur,
933 3528 972 3599 in
983 3540 1109 3626 stagno
1125 3529 1222 3604 lutu-

155 3646 339 3718 lentorum
356 3661 501 3718 actuum
517 3645 679 3721 sorditati
698 3643 996 3717 condemnantur.

158 3949 293 4006 habentes
305 3949 457 4022 daemonia,
473 3952 509 4008 de
518 3959 702 4012 monumentis
711 3966 859 4025 exeuntes,
873 3960 1037 4027 savinimis,
1051 3963 1091 4015 ita
1103 3970 1134 4015 ut
1142 3982 1222 4019 nemo

154 4049 249 4109 posset
259 4045 377 4122 &misire
389 4061 442 4114 per
451 4046 529 4098 viam
541 4045 663 4100 illam...
1224 4046 1226 4051 ’

190 4131 230 4200 (1)
248 4130 347 4214 Mittin
359 4149 425 4202 vni,
439 4130 535 4201 asse
545 4135 629 4193 Mare
642 4153 668 4204 v,
683 4154 762 4210 ¹⁴7³
775 4138 841 4191 Luc.
855 4152 918 4205 nn,
933 4132 1026 4210 ati-37.
