2894 4958
537 449 653 510 LIBER
673 450 883 512 SECUNDUS.
1111 481 1115 490 ·
1190 453 1248 515 tat

185 572 361 647 themium
385 585 570 645 revocaret
592 569 823 661 haereticum,
851 571 911 644 ille
936 570 1090 645 fideliter
1113 572 1150 644 in
1173 576 1250 648 Deo

183 691 395 790 persistens,
417 713 493 760 non
515 687 715 787 acquievit3
738 689 797 762 sed
820 703 1084 762 antecessorum
1101 716 1252 764 suorum

184 805 399 880 sententiam
411 831 473 876 sua
490 830 639 904 quoque
655 806 867 881 auctoritate
882 804 1016 879 obnixe
1032 805 1253 881 corrobora-

184 923 246 995 vit.
262 922 310 995 At
328 921 387 993 ilia
395 921 502 1021 jussit
517 920 687 994 Belisario
701 923 853 1021 patricio
866 936 908 993 ut
920 921 1110 996 Silverium
1123 951 1254 1023 papam

185 1041 224 1110 in
239 1039 385 1112 exilium
400 1038 579 1123 mitteret,
597 1054 632 1111 et
646 1038 820 1138 vigilium
832 1039 1102 1137 apocrisiarium
1116 1039 1149 1113 ei
1168 1037 1252 1111 sub·

184 1169 339 1255 rogaret.
357 1154 546 1228 Belisarius
566 1171 686 1227 autem
705 1155 840 1227 invitus
856 1158 951 1254 jussa
976 1156 1191 1255 complevit,
1217 1169 1254 1230 et

185 1270 398 1373 quibusdam
419 1271 515 1344 falsis
543 1270 692 1345 testibus
718 1297 847 1372 papam
875 1271 1122 1346 accusantibus
1153 1273 1253 1374 quod

185 1385 314 1461 urbem
328 1388 479 1461 Romam
497 1388 572 1487 regi
593 1385 799 1460 Gothorum
814 1413 879 1484 per
894 1402 1039 1485 portam
1053 1387 1253 1460 Asinariam

180 1504 283 1602 juxta
304 1505 487 1577 lateranis
512 1502 651 1576 tradere
674 1502 922 1601 disposuisset,
948 1505 1094 1578 eumin
1120 1504 1253 1604 palatio

185 1619 312 1692 Pincio
320 1618 606 1718 comprehendit.
622 1620 726 1692 Tunc
738 1619 923 1692 Antonine
937 1621 1085 1718 patricia
1098 1623 1254 1721 graviter

184 1761 313 1834 papam
330 1734 585 1834 redarguente,
602 1737 756 1808 Joannes
778 1733 1017 1809 subdiaconus
1039 1737 1188 1836 pallium
1208 1738 1253 1811 de
1303 1761 1304 1766 ’

186 1852 282 1925 collo
295 1855 369 1951 ejus
386 1851 490 1941 tulit,
509 1869 545 1925 et
558 1850 776 1925 in'cubiculo
789 1852 1010 1951 expoliatum
1020 1870 1118 1927 veste
1132 1880 1254 1927 mona-

186 1968 284 2042 chica
303 1970 433 2042 induit.
456 1970 625 2043 Silrerius
650 1970 769 2070 itaque
793 1971 832 2042 in
856 1970 1004 2043 Poncias
1027 1971 1107 2043 exul
1127 1971 1254 2044 missus

186 2100 258 2176 est,
278 2085 399 2187 ibique
417 2113 507 2186 pane
524 2086 769 2159 tribulationis
782 2102 818 2160 et
830 2113 920 2186 aqua
933 2080 1107 2187 angustiae
1121 2102 1255 2161 susten·

185 2217 298 2292 tatus,
325 2215 394 2275 xu⁰
410 2203 477 2276 kal.
491 2203 574 2302 julii
592 2203 751 2301 sepultus
774 2217 840 2276 est.
860 2204 933 2276 Hic
948 2204 1134 2302 episcopos
1160 2229 1255 2278 xvnr

186 2319 406 2392 consecravit
415 2373 426 2408 ,
446 2333 575 2418 etpost
591 2317 734 2393 obitum
747 2319 861 2391 multa
874 2319 1068 2391 sanitatum
1083 2320 1255 2394 miracula

184 2434 292 2524 fecit,
313 2452 349 2508 et
364 2436 511 2509 cessarit
527 2436 750 2534 episcopatus
766 2434 890 2509 diebus
907 2437 1000 2535 xlv(
1025 2438 1055 2536 ).

233 2554 384 2653 Vigilius
404 2553 606 2642 Romanus,
629 2580 672 2626 ex
688 2568 789 2652 patre
806 2543 946 2627 Joanne
970 2553 1137 2642 consule,
1164 2555 1256 2628 sedit

185 2671 289 2743 annis
310 2694 360 2745 xv
382 2668 565 2747 mensibus
586 2695 625 2744 vr
648 2669 773 2743 diebus
798 2696 903 2745 xxvi.
934 2672 1040 2743 Tunc
1066 2671 1255 2745 Belisarius

184 2784 282 2859 bello
302 2786 484 2887 Guitigem
500 2784 651 2875 devicit,
678 2801 714 2859 et
734 2788 889 2860 Joannes
911 2786 1158 2885 sanguinarius
1176 2812 1256 2858 ma-

184 2905 295 3004 gister
324 2904 483 2976 militnm
519 2919 632 2977 noctu
666 2902 846 2977 insecutus
878 2927 962 2976 eum
996 2904 1104 3003 cepit.
1135 2905 1255 3000 Quem

185 3020 335 3092 ductum
344 3018 931 3118 ConstantinopolimJustinianus
945 3019 1142 3118 imperator
1152 3019 1255 3093 laetus
1348 3050 1351 3055 ·
1412 3041 1419 3057 ’

221 3314 264 3384 (ι)
278 3313 289 3382 (
296 3313 312 3369 8
327 3314 391 3386 juin
408 3312 510 3369 536-20
520 3316 585 3388 juin
601 3314 682 3389 538.)
700 3316 829 3372 Theodat
842 3316 886 3372 sut
898 3318 1018 3371 tuerere
1036 3314 1062 3368 le
1074 3313 1146 3368 mois
1162 3312 1257 3369 d'aodt

185 3400 249 3457 536.
261 3404 300 3459 Ce
309 3391 353 3459 tut
365 3423 415 3477 par
423 3406 546 3461 violence
556 3425 612 3481 que
624 3408 747 3481 Witiges
760 3410 862 3481 epousa
874 3406 1062 3471 Mathasonte,
1079 3403 1133 3459 title
1146 3403 1258 3463 duma·

185 3491 301 3549 lasonte.
316 3494 389 3550 C’est
402 3515 434 3551 ee
449 3497 498 3570 qui
512 3514 581 3550 noua
592 3515 607 3550 a
619 3500 753 3571 engaged
768 3497 856 3551 ecrire
867 3498 899 3551 υἱ
910 3495 986 3560 tulit,
1001 3512 1035 3548 au
1049 3493 1105 3548 lieu
1114 3491 1149 3547 de
1162 3493 1258 3548 vitute

186 3581 254 3637 d'nn
267 3584 325 3637 seul
338 3595 411 3653 mot,
425 3586 510 3659 qu’on
524 3596 622 3641 trouve
634 3585 702 3649 dans
719 3586 745 3641 le
759 3587 911 3641 manuscrit
927 3584 963 3640 de
983 3571 1204 3646 saint-Evmult,
1220 3601 1258 3643 ou

186 3674 281 3727 intulit
295 3673 333 3728 dn
345 3685 418 3730 texte
431 3675 574 3748 imprime,
589 3677 637 3750 qni
648 3695 683 3737 ue
695 3679 856 3749 presentent
868 3693 959 3730 aucun
972 3691 1044 3728 sens.
1059 3672 1189 3727 Belisaire
1198 3673 1259 3729 rint

187 3762 224 3818 de
241 3763 323 3818 sicile
344 3784 378 3819 en
396 3764 474 3820 italie
492 3785 528 3820 au
545 3767 700 3840 printemps
717 3766 751 3822 de
770 3777 841 3822 cette
861 3767 953 3821 meme
967 3766 1070 3832 annae,
1086 3764 1143 3836 prit
1156 3763 1259 3837 Naples

187 3855 267 3926 apros
280 3852 447 3927 vingt-deux
455 3855 535 3926 jours
548 3854 583 3909 de
597 3856 689 3929 siege,
702 3867 731 3911 et
742 3866 821 3911 entra
833 3854 901 3909 dans
914 3854 1003 3909 Rome
1015 3852 1042 3908 le
1058 3871 1088 3907 ιο
1099 3851 1257 3909 decembre.

188 3943 226 3997 Le
236 3942 353 4016 siegede
362 3943 451 3999 Rome
460 3964 510 4017 par
520 3945 641 4018 Witiges
653 3956 701 4000 eut
713 3945 769 4001 lieu
781 3945 816 3999 de
829 3944 881 4021 537
892 3948 908 3999 a
919 3941 981 3999 338.
996 3944 1032 3998 La
1044 3953 1123 4016 porte
1131 3944 1260 4000 Asinaire

186 4032 256 4086 etait
266 4034 322 4087 tres
336 4035 399 4106 pres
410 4033 445 4088 de
456 4033 674 4106 l’emplacement
684 4035 718 4090 de
729 4035 755 4090 la
769 4045 849 4108 porte
861 4034 1085 4090 San-Giovanni.
1101 4033 1204 4090 Silvere
1216 4035 1260 4091 sut

187 4119 258 4174 exile
272 4119 386 4175 d’abord
400 4124 416 4175 a
427 4123 525 4177 Patare
539 4140 574 4177 en
589 4122 678 4196 Lyde,
691 4124 763 4198 puis,
777 4124 857 4196 apres
868 4122 927 4178 dtre
940 4140 1042 4177 revenu
1053 4125 1069 4176 a
1081 4121 1181 4192 Rome,
1191 4122 1263 4181 dans

186 4207 242 4263 late
256 4209 407 4278 Palmaria,
422 4228 470 4266 sur
480 4211 508 4267 la
519 4211 581 4270 eote
593 4211 716 4283 d'ltalie,
730 4215 772 4269 ob
782 4230 819 4269 on
831 4212 858 4269 le
870 4213 902 4270 fit
913 4214 1021 4270 monrir
1032 4212 1068 4269 de
1081 4211 1158 4270 faint.
