2894 4958
187 409 248 469 ³³2
463 404 646 466 HISTORIA
667 403 972 468 Ecctntust'tct.

185 526 245 599 tis.
263 522 406 596 Aamm
427 539 462 594 et
481 549 636 601 comam
652 550 785 598 aumas
806 542 841 597 et
860 539 1051 624 argaitum
1070 525 1125 598 ab
1138 526 1250 600 cruda

186 641 276 713 meis
295 638 421 714 tollite.
439 635 516 730 Ite,
541 639 713 742 templum
731 639 892 713 Domino
904 639 1120 736 fabricate,
1145 658 1185 713 at
1204 640 1251 713 ili

187 756 459 856 coragmgamini
471 772 505 828 et
514 757 660 858 pan'ter
673 756 835 830 audiatis
851 756 1000 830 verbum
1013 759 1101 830 Dei.

244 873 329 968 Quo
359 873 502 965 audito,
532 872 725 974 gaudentes
756 872 943 964 abierunt,
975 873 1154 974 templum
1180 874 1253 948 Dec

187 1015 235 1065 nx
263 989 377 1087 millia
408 989 604 1065 hominum
632 988 808 1066 fabricare
839 1008 1054 1090 caeperunt,
1088 1005 1127 1066 ct
1161 992 1252 1064 intra

187 1131 266 1181 xxx
293 1105 367 1180 dies
387 1120 547 1182 sanctam
569 1106 753 1181 ecclesiam
778 1122 1132 1182 consummaverunt
1161 1107 1253 1188 Mat-

187 1221 305 1299 thaeus
317 1222 434 1311 illam,
447 1249 517 1323 pro
529 1223 800 1300 resuscitatione
812 1223 878 1298 filii
892 1224 997 1326 regis,
1014 1222 1253 1298 Resurremic

189 1365 276 1415 nem
290 1340 456 1428 vocavit,
469 1337 591 1441 ibique
607 1364 702 1415 xxm
720 1340 824 1414 annis
839 1337 949 1430 sedit,
973 1337 1206 1441 presbyteras
1220 1352 1253 1414 ct

187 1455 353 1531 diacones
373 1456 585 1545 constituit,
604 1463 790 1559 episcopos
805 1485 871 1558 per
885 1458 1047 1531 civitates
1063 1472 1103 1531 et
1118 1455 1251 1531 castella

190 1573 389 1664 ordinavit,
409 1588 447 1649 et
462 1573 593 1649 multas
604 1575 765 1650 ecclesias
779 1572 980 1668 fabricavit.
995 1575 1074 1648 Rex
1087 1588 1126 1648 et
1137 1573 1251 1674 regina

189 1705 228 1765 et
251 1690 356 1763 variae
379 1689 501 1791 plebes
520 1689 735 1792 AEthiopum
749 1690 968 1792 baptismum
989 1690 1126 1765 Christi
1142 1715 1251 1764 susec-

187 1822 343 1907 perunt,
361 1823 399 1883 et
413 1809 507 1910 magi
524 1808 691 1882 timentes
708 1808 752 1882 ad
766 1806 926 1882 Persidas
941 1806 1130 1907 fugerunt.
1150 1808 1249 1880 lnnu·

188 1950 285 2000 mera
298 1951 364 2025 per
375 1923 522 2001 beatum
533 1923 746 1999 Matthaeum
758 1924 928 2000 miracula
944 1923 1038 1999 facta
1053 1940 1163 2014 sunt,
1178 1949 1249 2024 quc

188 2041 399 2142 singillatim
423 2041 546 2115 omnia
570 2043 730 2116 enarrari
747 2067 823 2116 non
840 2055 1004 2140 possunt.
1030 2041 1133 2118 Nam
1153 2040 1250 2114 multi

188 2161 273 2237 caeci
286 2175 372 2233 sunt
387 2151 602 2248 illuminati,
620 2159 808 2261 paralytici
821 2159 955 2254 curati,
971 2157 1186 2234 daemoniaci
1197 2156 1250 2231 sal·

188 2276 279 2364 vati,
294 2278 432 2351 mortni
448 2276 557 2350 ctiam
574 2276 749 2349 suscitati.

238 2391 560 2475 christianissimus
571 2419 636 2468 rex
648 2393 823 2494 Eglippus
835 2394 975 2494 expleta
986 2409 1250 2495 senectutcpcr-

189 2511 284 2584 rexit
299 2509 342 2583 ad
358 2510 577 2601 Dominum,
598 2527 634 2585 et
649 2513 827 2612 Hyrtacus
848 2510 1031 2611 Adelphus
1050 2513 1067 2610 (
1072 2513 1108 2609 1)
1124 2512 1250 2612 accepit

190 2631 265 2726 ejus
279 2628 483 2727 imperium.
496 2629 564 2702 Hic
573 2627 663 2701 dum
674 2628 909 2730 Ephigeniam
920 2629 977 2726 (a)
990 2627 1156 2703 defuncti
1169 2628 1250 2728 regis

190 2742 323 2835 filiam,
351 2747 529 2844 quaejam
554 2743 699 2819 Christo
721 2744 836 2817 dicata
862 2771 1001 2818 sacrum
1023 2743 1192 2820 velamen
1217 2742 1251 2816 dc

190 2886 301 2935 manu
322 2862 479 2960 apostoli
500 2879 702 2962 acceperat,
726 2864 873 2963 jamque
897 2863 1083 2963 virginum
1108 2862 1252 2962 amplius

190 3005 299 3080 quam
323 2979 560 3056 ducentarum
585 2981 777 3081 praeposita
801 2996 897 3068 erat,
922 3005 1074 3055 uxorem
1100 2982 1252 3080 accipens

192 3095 322 3186 vellen
356 3124 500 3196 sperans
531 3096 631 3198 quod
661 3124 726 3196 per
758 3095 964 3196 apostolum
991 3099 1065 3195 ejus
1100 3097 1253 3170 animun

123 3298 138 3313 ι
193 3239 422 3288 commovere
451 3229 590 3312 posset,
621 3215 735 3313 coepit
763 3241 848 3289 cum
873 3213 937 3288 illo
962 3239 1084 3314 agere,
1110 3213 1254 3295 dicens:

191 3330 399 3405 Dimidium
416 3333 521 3430 regni
535 3331 608 3404 mei
623 3333 774 3434 accipe,
792 3346 934 3404 tantum
951 3346 990 3403 at
1010 3329 1256 3432 Eplu'gcm'am

187 3449 332 3551 possim
348 3449 581 3522 matrimonio
595 3473 674 3523 meo
691 3446 877 3550 copulare.
898 3447 1003 3518 Tunc
1019 3443 1147 3518 beatus
1168 3445 1256 3527 Mat·

196 3563 312 3644 chaus>
328 3565 435 3663 jussit
455 3591 577 3661 regem
598 3581 635 3639 et
656 3562 894 3665 Ephigeniam
911 3577 948 3636 et
971 3586 1123 3637 omnem.
1145 3585 1256 3661 popa·

196 3682 273 3759 lum
290 3679 439 3759 sabbato
460 3680 578 3757 adesse
601 3682 639 3754 in
664 3681 829 3769 ecclesia,
852 3694 893 3752 ut
913 3679 1180 3776 omnipotentis
1203 3673 1254 3749 Ilei

196 3799 363 3874 audirent
382 3797 506 3873 verba.
529 3797 636 3893 Quod
653 3815 691 3872 et
715 3798 851 3873 lactum
876 3811 943 3871 est.
962 3795 1074 3870 Facto
1091 3810 1212 3868 autem
1227 3792 1254 3863 ia

233 4088 272 4155 (ι)
289 4087 469 4142 C’est-a-dire
480 4089 552 4143 lrdre
565 4088 603 4144 du
618 4088 663 4144 seu
678 4090 729 4144 roi.

236 4178 274 4246 (a)
293 4177 368 4232 Lisez
385 4201 390 4230 :
405 4176 591 4253 Iphigeniam.
