2894 4958
188 430 249 489 280
461 424 647 488 HISTORIA
668 422 975 489 nectustssrlca.

94 640 100 653 ι
186 547 287 620 omni
305 546 444 645 populo
457 546 656 646 nequitiam
668 571 768 619 suam
784 546 816 620 ei
835 545 1019 621 confessus
1032 561 1100 621 est.
1119 546 1257 622 Deinde

186 663 338 737 verbum
352 663 417 737 Ilei
432 662 477 736 ab
488 663 653 763 apostolo
667 661 824 737 libenter
835 662 972 736 audivit
980 715 992 753 ,
1005 679 1042 737 et
1052 660 1101 737 ab
1113 664 1258 765 egritu-

186 778 271 854 dine
287 795 428 853 sanatus
446 780 485 853 in
506 781 625 853 Deum
640 779 812 869 credidit,
832 794 940 882 atque
962 780 1000 865 in
1018 780 1084 854 Dei
1104 779 1186 881 lege
1201 778 1257 853 di-

185 896 339 999 ligenter
354 894 572 970 ambulavit.-

234 1013 364 1087 Calista
389 1040 477 1089 vcro
499 1038 596 1089 uxor
618 1014 845 1114 proconsulis
869 1015 977 1089 nimis
1000 1013 1134 1090 invidit
1160 1016 1255 1091 Tro·

185 1133 281 1208 limae
302 1135 373 1233 (1),
393 1158 476 1234 quae
497 1131 812 1209 olimconcubina
835 1135 912 1234 ejus
934 1132 1076 1223 fuerat,
1102 1131 1167 1208 sed
1184 1136 1253 1234 jan

185 1250 289 1324 alteri
312 1250 396 1324 viro
425 1250 577 1343 sociata,
608 1249 816 1350 apostolicae
842 1249 1022 1325 docuinae
1044 1248 1251 1325 adltaesemt.

185 1365 291 1440 Unde
308 1364 432 1440 Lisbio
445 1367 655 1468 ignorante,
667 1367 783 1442 accito
793 1382 1048 1467 procuratore,
1060 1367 1172 1466 jussit
1182 1390 1252 1441 ean

185 1494 408 1565 ut'scortum
429 1483 591 1558 damnari
619 1483 724 1558 acad
748 1484 900 1585 lupanar
925 1483 1067 1560 deduci.
1098 1483 1252 1559 Tmfim

187 1602 307 1703 itaque
323 1600 367 1674 ad
391 1601 541 1700 lupanar
561 1600 771 1692 deducitur,
793 1602 918 1675 lenoni
933 1600 1113 1692 donatur,
1135 1598 1252 1701 ibique

185 1717 302 1791 Deum
319 1714 454 1790 assidue
469 1717 696 1817 deprecatur.
712 1715 951 1791 Venientibus
963 1731 1085 1790 autem
1100 1714 1252 1817 impudi-

186 1834 237 1908 cis
262 1834 500 1935 Evangelium
526 1832 756 1934 opponebat,
784 1832 884 1935 quod
912 1856 1034 1907 secum
1059 1831 1106 1905 ad
1127 1846 1253 1932 'pectus

186 1975 293 2024 suum
305 1948 478 2037 habebam
492 1963 600 2052 atque
612 1976 699 2024 mox
719 1947 951 2025 illecebrosus
961 1948 1111 2023 affectus
1122 1946 1254 2048 deperi·

187 2067 262 2142 bat.
282 2054 450 2171 Denique
461 2066 609 2170 quidam
628 2065 929 2167 impudicissimus
951 2066 1050 2166 lepos
1069 2065 1128 2165 (a)
1148 2089 1252 2139 acces·

188 2184 253 2273 sit,
268 2183 479 2259 violentiam
491 2185 653 2285 ingerere
664 2182 799 2272 voluit3
816 2183 878 2258 sed
896 2183 954 2257 illa
972 2182 1128 2270 restitit,
1146 2181 1254 2253 Eran-

189 2302 394 2404 geliumque
410 2304 454 2376 ad
479 2318 614 2376 terram
629 2301 770 2377 cecidit.
791 2304 897 2375 Tunc
917 2300 1080 2375 Trofima
1100 2322 1255 2374 moerens

189 2416 310 2493 ambas
327 2447 454 2493 manns
470 2420 514 2493 ad
537 2421 670 2495 coelum
692 2419 873 2509 extendit,
898 2434 935 2492 et
956 2418 1164 2524 lacrymans
1184 2417 1253 2491 ait:

190 2536 254 2610 Ne
267 2538 431 2637 patiaris
452 2564 528 2627 me,
556 2538 734 2627 Domine,
755 2537 898 2638 pollui,
926 2535 973 2610 ob
999 2537 1109 2638 cujus
1134 2559 1256 2609 nomm

191 2656 393 2727 castitatem
411 2653 543 2755 diligo.
560 2653 718 2755 Angelus
735 2680 821 2728 vero
843 2653 992 2727 Domini
1010 2652 1134 2725 statim
1156 2652 1189 2725 ei
1205 2676 1256 2750 ap·

191 2769 329 2868 paruit,
346 2783 383 2842 et
403 2769 666 2843 inverecundus
682 2770 826 2869 juvenis
844 2767 888 2841 ad
909 2765 1015 2868 pedes
1037 2770 1114 2866 ejus
1139 2766 1257 2840 cadens

190 2885 379 2984 expiravit.
399 2885 450 2957 At
475 2884 556 2975 illa,
578 2884 754 2957 divinitus
776 2882 999 2970 confortata,
1025 2881 1145 2954 Deum
1160 2879 1257 2955 bene·

191 3000 301 3092 dixit,
326 3028 550 3103 puerumque
576 3003 615 3075 in
635 3003 781 3075 nomine
802 3000 936 3074 Christi
959 3001 1207 3090 resuscitavit5
1229 3012 1260 3072 et

192 3119 312 3193 omnis
330 3120 453 3192 civitas
469 3119 514 3194 ad
532 3119 601 3193 hoe
618 3119 862 3218 spectaculum
879 3119 1054 3192 cucurrit.

240 3236 370 3311 Calista
386 3263 473 3311 vero
488 3264 571 3311 cum
587 3253 822 3337 procuratore
835 3262 901 3310 suo
917 3235 961 3308 ad
975 3233 1152 3309 balneum
1163 3233 1256 3306 abiit.

192 3357 358 3456 Cumque
374 3355 481 3428 simul
503 3356 728 3443 lavarentur,
750 3353 896 3428 daemon
915 3352 1124 3427 teterrimus
1142 3352 1194 3424 eis
1208 3375 1260 3450 ap·

193 3471 313 3569 paruit
320 3501 332 3561 ;
361 3499 380 3544 a
407 3497 481 3574 quo
505 3472 662 3570 percussi
690 3468 797 3544 ambo
822 3470 960 3543 mortui
986 3484 1084 3542 sunt.
1115 3469 1261 3568 Magnas

197 3697 408 3706 m
418 3700 424 3704 .
431 3698 665 3706 -o--n———a———n-
671 3697 836 3705 ---·.-——--

230 3842 269 3910 (ι)
288 3841 382 3894 Lisez:
404 3840 574 3913 Trophimae.

230 3932 268 3999 (a)
286 3929 360 3983 Dans
373 3929 397 3982 la
411 3929 527 4003 legende
539 3929 688 4003 originale,
704 3928 774 3983 dunt
788 3928 898 3984 celle-ci
915 3929 985 3983 n’est
999 3928 1087 4001 qu'un
1098 3931 1204 3981 extruit
1214 3926 1264 3980 sort

197 4022 308 4091 alire'ge,
325 4019 364 4073 les
377 4031 465 4074 muts:
480 4021 715 4093 impudicissimus
728 4022 817 4091 lepos,
833 4029 896 4074 sont
906 4017 1056 4092 remplaces
1072 4035 1124 4089 par
1136 4015 1244 4072 ceux-ri
1257 4038 1264 4067 t

197 4106 422 4178 impudicissime
433 4111 501 4163 vitra
509 4110 622 4180 juvenis
631 4107 759 4182 quidam,
773 4108 823 4182 qui
835 4124 906 4162 nnus
914 4103 1265 4180 indiquentsuffisamment

197 4195 222 4254 le
234 4212 295 4251 sans
307 4212 362 4269 que
374 4204 455 4249 notre
467 4205 566 4251 autem·
579 4217 593 4252 a
606 4197 685 4271 prete
697 4197 734 4251 ici
748 4215 783 4251 au
795 4205 855 4251 mot
869 4195 957 4271 lepos.
