2894 4958
492 441 609 504 LIBER
631 441 789 504 PRIMUS.
1136 443 1176 506 13

110 576 148 640 et
164 564 292 637 Simon
317 559 445 635 canufi
463 559 582 651 filius,
608 574 715 662 atque
730 560 904 661 Josephus
921 560 1070 662 Caiphas
1079 617 1091 653 ,
1112 567 1175 666 qui

108 683 231 756 lesum
247 705 317 780 pro
338 694 446 781 gente
465 679 689 753 moriturum
710 676 941 779 prophetavit
963 681 1037 779 (ι)
1060 681 1177 758 Euse-

109 797 192 869 bius
208 795 435 869 Caesariensis
450 820 471 865 a
487 806 542 867 v1⁰
560 819 658 869 anno
675 792 793 884 Darii,
811 796 874 895 qui
891 811 974 895 post
985 796 1123 896 Cyrum
1140 814 1178 871 et

112 911 317 986 cambisem
341 910 522 1012 regnavit,
551 909 697 1010 quando
723 935 832 1010 opera
856 911 981 1011 templi
1005 937 1178 985 consum-

111 1045 205 1103 mata
219 1044 326 1121 sunt,
344 1054 457 1130 usqne
470 1027 514 1100 ad
528 1027 709 1102 Herodem
722 1044 759 1101 et
771 1031 993 1128 Augustum,
1011 1047 1179 1105 numerat

110 1146 150 1220 in
173 1147 321 1220 Daniele
349 1143 586 1220 hebdomades
610 1170 661 1217 vn
682 1161 718 1219 et
744 1171 792 1217 ux
815 1147 922 1235 duas,
941 1172 1024 1246 quae
1040 1146 1180 1221 faciunt

111 1290 226 1338 annos
238 1287 491 1351 ccccuxxxtn,
505 1261 651 1362 quando
664 1261 847 1351 Christus,
864 1261 900 1334 id
916 1278 969 1336 est
981 1265 1156 1339 Hircanus
1164 1317 1177 1354 ,

112 1381 315 1483 degenere
346 1378 637 1453 Machabaeorum
666 1381 879 1454 novissimus
913 1381 1101 1481 pontifex,
1134 1380 1180 1455 ab

112 1497 256 1572 Herode
267 1496 450 1598 jugulatus
467 1512 543 1584 est,
562 1509 598 1569 et
611 1499 713 1594 juxta
730 1496 845 1597 legem
862 1498 1036 1572 successio
1052 1500 1182 1597 ponti-

114 1613 224 1688 ficum
238 1615 393 1688 cessavit.
411 1612 629 1713 Hippolytus
642 1638 728 1686 vero
741 1614 844 1714 regni
856 1614 1044 1687 Persarum
1057 1640 1179 1688 ccxxx

112 1744 286 1830 supputat
295 1756 422 1819 annos,
436 1743 473 1802 et
482 1727 722 1801 Macedonum
733 1754 812 1820 ccc,
828 1745 865 1803 et
875 1746 959 1828 post
972 1730 1052 1803 illos
1066 1757 1180 1831 usque

113 1844 159 1918 ad
175 1844 360 1918 Christum
382 1869 483 1933 xxx,
503 1842 540 1915 id
562 1858 615 1917 est
631 1843 676 1917 ab
699 1844 805 1917 initio
830 1844 916 1943 Cyri
938 1846 1032 1945 regis
1056 1850 1181 1918 Persa-

112 1989 197 2035 rum
216 1988 329 2063 usque
356 1960 401 2034 ad
423 1959 619 2034 adventum
645 1961 794 2034 Domini
822 1985 895 2033 nux
921 1976 1089 2035 numerat
1112 1988 1181 2034 an-

112 2107 181 2155 nos
199 2081 273 2180 (2).
292 2082 377 2153 llaec
394 2079 438 2152 de
456 2095 664 2178 temporum
687 2080 777 2153 serie
801 2079 961 2153 studioso
983 2078 1111 2153 lectori
1129 2080 1183 2152 ri-

115 2216 233 2273 matus
257 2199 443 2288 intimavi,
471 2197 570 2297 quod
594 2197 648 2271 sol
669 2197 820 2295 justitiae
841 2212 938 2270 sexta
960 2212 1064 2271 aetate
1081 2213 1183 2271 ortus

115 2332 169 2390 est
185 2317 223 2390 in
237 2316 430 2390 novissima
446 2312 534 2388 hora
547 2313 654 2414 hujus
665 2314 787 2388 seculi.
801 2313 943 2388 Amodo
955 2315 1183 2414 propositum

115 2459 206 2532 opus
221 2433 267 2508 de
280 2458 364 2506 meo
380 2432 564 2533 aggrediar
579 2433 757 2521 Domino,
774 2435 874 2532 cujus
888 2433 926 2505 in
939 2433 1182 2532 omnipotenti

113 2549 337 2652 benignitate
363 2550 533 2642 conlido,
558 2565 596 2623 et
624 2575 753 2650 opem,
782 2564 824 2622 ut
851 2551 1055 2649 incoeptum
1077 2550 1184 2652 digne

114 2693 282 2767 peragam
299 2665 344 2739 ad
360 2664 503 2740 laudem
521 2666 653 2765 ipsius,
671 2664 825 2739 fideliter
842 2666 985 2739 invoco.

149 3046 190 3116 (r)
207 3042 233 3098 11
250 3062 268 3116 y
284 3060 300 3096 a
317 3044 354 3098 ici
366 3043 511 3116 beaucoup
528 3042 743 3098 d'inexactitude
755 3052 784 3097 et
795 3041 864 3097 dans
880 3041 920 3097 les
932 3060 1012 3097 noms
1024 3054 1054 3098 et
1066 3041 1134 3098 dans
1145 3043 1186 3099 les

116 3131 202 3186 dates.
215 3128 328 3199 lamae,
344 3129 387 3185 fils
398 3130 434 3185 de
446 3129 513 3186 Fabi
526 3140 555 3185 et
570 3149 627 3186 non
643 3130 679 3185 de
691 3129 797 3198 Baffus,
812 3117 935 3199 Eleazar,
952 3129 994 3185 fils
1009 3130 1132 3186 d'Annas
1149 3149 1186 3187 ou

116 3222 247 3288 manua,
262 3219 376 3288 Simon,
392 3219 434 3274 fils
452 3219 488 3274 de
499 3220 612 3275 Camith
629 3229 659 3275 et
677 3239 734 3275 non
752 3219 787 3274 de
800 3219 922 3287 Canule,
943 3229 993 3274 ont
1006 3221 1050 3275 e'te
1070 3219 1185 3293 grands-

117 3308 225 3381 prenes
237 3305 306 3361 daus
322 3306 363 3362 les
380 3307 481 3362 annees
496 3305 546 3376 ab,
561 3311 596 3374 al
608 3317 637 3362 et
654 3305 689 3362 25
702 3307 737 3362 de
749 3307 945 3363 lesus-Christ.
964 3305 1067 3380 Joseph
1080 3306 1187 3380 Calphe

118 3397 179 3453 leur
192 3396 309 3453 succedo
320 3396 369 3452 des
381 3397 487 3453 l’annee
499 3395 549 3465 25;
563 3416 615 3471 par
627 3400 810 3472 consequent,
825 3399 891 3452 c’est
903 3415 967 3452 sous
982 3415 1032 3452 son
1043 3397 1186 3471 pontificat

119 3486 272 3542 seulement
285 3485 348 3560 qu'a
360 3503 397 3542 eu
408 3484 686 3560 lieulapredication
696 3486 732 3541 de
742 3474 899 3558 l’llrangile.
1210 3547 1214 3556 ¹

69 3571 73 3577 ’
152 3578 195 3647 (a)
212 3576 250 3631 Le
263 3575 350 3630 calcul
362 3575 497 3631 d’Eusebe
514 3586 556 3632 est
574 3577 631 3631 fort
648 3579 712 3650 pres
730 3576 768 3630 du
790 3575 886 3630 chiffre
904 3573 1120 3630 vraisemblable.
1140 3574 1188 3632 On

119 3665 195 3739 plaoe
207 3664 427 3721 ordinairement
438 3664 465 3721 la
478 3667 592 3721 sixieme
605 3669 693 3721 annee
705 3665 740 3721 de
753 3666 853 3720 Darius
868 3683 903 3719 en
917 3663 971 3718 l'an
983 3662 1035 3720 515
1049 3675 1129 3720 avant
1139 3667 1187 3721 Je-

121 3755 288 3812 susffifflt.
301 3755 407 3810 Hiroen
418 3755 462 3810 int
472 3758 521 3812 tue
532 3775 584 3830 par
595 3754 697 3811 l’ordre
708 3753 848 3810 d'Herode
859 3773 894 3809 en
906 3753 960 3808 l’an
970 3751 1013 3808 30.
1029 3753 1072 3807 En
1084 3765 1188 3809 retran-

121 3844 205 3900 cbant
217 3863 250 3900 oe
262 3843 374 3901 dernier
386 3843 484 3901 chiffre
493 3843 533 3900 du
541 3844 703 3918 precedent,
717 3844 739 3900 il
750 3854 821 3901 reste
833 3845 903 3899 trois
911 3854 975 3899 cent
985 3845 1190 3919 quatre-vingt-

121 3935 185 4008 einq
203 3952 253 3989 ans
273 3933 309 3990 de
327 3933 449 3990 disunce
465 3945 544 3990 entre
559 3934 598 3990 les
618 3935 691 3991 deux
708 3937 892 3993 e'venements.
907 3935 944 3989 le
963 3932 1051 3988 catcul
1070 3934 1105 3988 de
1119 3936 1191 3990 saint

121 4021 272 4096 Hippolyte
286 4032 328 4079 est
343 4022 536 4096 pareillement
548 4024 619 4078 aussi
630 4024 705 4096 juste
720 4023 803 4098 qu’on
815 4032 884 4096 peut
896 4021 922 4077 le
934 4020 1084 4077 demandes
1096 4022 1189 4095 quand

121 4109 230 4185 ils’agit
238 4112 275 4168 de
285 4112 362 4169 dates
374 4115 446 4169 aussi
456 4132 511 4186 peu
522 4114 650 4187 precises.
662 4113 709 4171 On
722 4112 798 4186 place
809 4130 909 4167 encore
921 4111 947 4168 le
955 4124 1190 4168 commeuoement

123 4196 161 4253 du
171 4202 258 4274 rtgne
270 4200 305 4257 de
317 4202 408 4274 Cyrus
420 4220 455 4258 en
468 4200 523 4258 l'an
534 4201 588 4278 559
600 4212 680 4259 avant
690 4201 889 4259 lesus-Christ.
