2916 4958
126 444 128 448 ,
192 382 253 443 ‘tto
467 377 651 441 HISTORIA
672 377 978 453 uectusttsttcs.

190 516 225 570 et
246 496 450 572 hunulitate
466 497 660 590 seruiebat,
683 497 909 599 reditumque
930 516 1033 575 tuum
1046 499 1259 581 desiderum

192 614 356 717 quotidie
367 613 533 690 dicebat:
546 614 696 689 Utinam
708 614 859 691 videam
870 618 1080 719 apostolum
1089 619 1168 694 Dei
1178 646 1262 697 ocu-

192 733 238 807 tis
256 733 363 822 meis,
381 749 580 832 antequam
594 732 752 809 naria!
767 734 874 809 Tunc
890 734 1015 812 beatus
1031 736 1192 814 Joaunes
1204 737 1260 814 de·

188 849 280 951 ¹poni
305 848 482 925 feretrum
504 862 541 925 ct
563 874 695 949 corpus
714 852 789 948 ejus
812 849 944 927 resolvi
961 853 1089 950 jussit,
1109 878 1153 927 ac
1175 880 1261 932 vote

192 964 285 1040 clara
305 962 421 1036 dixit:
442 965 619 1039 Dominus
637 991 738 1039 auus
752 965 861 1042 Iesus
880 966 1046 1042 Cltustus
1061 971 1199 1043 excitet
1214 987 1259 1059 te,

189 1084 395 1156 Drusiana.
416 1079 555 1183 Surge,
571 1080 802 1183 pedibusque
820 1083 891 1156 tuis
911 1081 967 1159 ad
988 1082 1141 1159 domum
1162 1101 1262 1161 tuam

190 1215 377 1288 revertere,
398 1199 678 1296 attestationem
697 1196 789 1273 miti
795 1223 989 1300 prapara.
1007 1199 1181 1277 Protinus
1203 1201 1259 1277 itta
1309 1266 1317 1277 ,

192 1315 372 1403 surrexit,
386 1328 423 1389 et
441 1313 595 1414 apostoli
620 1330 804 1415 precepto
825 1313 908 1389 lats
927 1304 1205 1408 obsecundavit,
1226 1333 1263 1394 et

191 1431 342 1519 merito,
367 1429 451 1530 quia
475 1430 541 1531 ipsi
563 1428 753 1507 videbatur
768 1429 868 1531 quod
884 1455 961 1507 non
980 1431 1026 1506 de
1041 1447 1180 1521 morte,
1202 1433 1264 1510 sed

191 1548 236 1623 dc
262 1573 391 1625 somno
418 1547 570 1623 excitata
594 1547 720 1623 fuerit.
747 1548 893 1625 Clamor
920 1550 1039 1650 itaque
1064 1548 1120 1623 fit·
1137 1552 1262 1651 populi

192 1694 258 1769 per
278 1682 350 1740 taes
367 1665 473 1740 horas
488 1666 641 1740 dicentis
664 1697 673 1739 z
703 1667 807 1745 Unus
824 1685 878 1742 est
893 1667 1014 1759 Deus,
1034 1696 1143 1769 quem
1156 1695 1265 1772 pru-

190 1787 294 1861 dicat
304 1802 454 1861 sanctus
469 1785 758 1872 losannensis
775 1801 828 1860 est
840 1812 949 1861 cerus
960 1787 1143 1861 Dominus
1154 1787 1188 1862 J
1184 1814 1265 1862 esus

197 1904 378 1977 Chtistus.

242 2018 382 2094 Eodem
398 2033 561 2117 tempore
577 2017 653 2094 duo
668 2016 798 2092 fratres
813 2015 980 2092 ditissimi
993 2022 1165 2118 juvenes,
1183 2021 1266 2095 css

192 2154 280 2213 tone
293 2133 514 2236 philosopho
522 2134 758 2235 persuadente
766 2189 777 2224 ,
796 2136 1059 2235 patrimonium
1072 2163 1179 2214 suum
1195 2138 1264 2213 dis·

196 2269 405 2344 traxerunt,
420 2253 648 2354 singulasque
658 2279 816 2354 gemm
828 2270 1017 2343 emerunt,
1030 2282 1118 2356 quas
1131 2262 1168 2329 in
1182 2257 1266 2332 forn

199 2372 239 2443 in
255 2384 451 2468 conspectu
472 2369 639 2443 omnium
662 2367 939 2469 confregerunt,
957 2385 994 2444 et
1012 2396 1083 2471 pro
1097 2396 1191 2446 vana
1207 2397 1271 2447 os·

198 2487 399 2562 tentatione
424 2480 612 2560 mundani
628 2500 857 2585 contemptus
886 2485 1091 2586 hujusmodi
1126 2505 1270 2588 specta-

199 2605 321 2679 culum
333 2620 496 2706 egerunt.
509 2605 587 2679 Hoc
599 2605 775 2682 nimirum
784 2604 1273 2706 beatusJoannesapostolus

199 2748 264 2820 per
279 2719 404 2794 forum
422 2719 597 2793 transiens
616 2719 725 2808 vidit,
744 2719 1032 2820 insipientiaeque
1046 2720 1276 2797 deviantium

201 2837 424 2935 compatiens
440 2835 559 2907 sanius
576 2833 769 2908 consilium
787 2832 976 2907 benivolus
991 2834 1162 2933 praebuit.
1179 2838 1275 2912 Nam

199 2956 396 3028 Cratonem
414 2953 625 3051 magistrum
650 2951 784 3025 erroris
800 2948 845 3025 ad
862 2977 899 3024 se
915 2952 1098 3042 accersiit,
1121 2955 1275 3031 &mno-

199 3100 273 3145 sam
292 3069 573 3145 devastationem
590 3094 714 3141 rerum
730 3067 966 3166 vituperavit,
992 3067 1120 3144 utilem
1141 3072 1271 3148 mundi

198 3200 450 3285 contemptum
478 3181 676 3257 secundum
706 3181 840 3255 Christi
867 3198 1087 3283 praeceptum
1121 3183 1267 3278 docuit,

198 3306 360 3381 recolens
372 3301 529 3401 ejusdem
539 3301 700 3400 magistri
713 3301 767 3374 sui
776 3300 1054 3391 documentum,
1068 3306 1133 3405 qui
1140 3307 1266 3404 juveni

198 3422 290 3497 dixit
303 3417 481 3520 quaerenti
499 3413 544 3490 ab
562 3443 606 3491 co
623 3416 744 3489 salutis
760 3431 908 3504 aetcrnae
924 3420 1116 3494 consilium
1128 3450 1139 3493 :
1153 3422 1264 3497 Sinis

191 3539 379 3641 perfectus
396 3561 494 3623 esse,
514 3533 634 3623 vade,
654 3533 775 3606 vende
792 3538 915 3607 omvua
929 3560 1015 3634 qua·
1030 3535 1144 3611 habes
1161 3555 1197 3612 et
1215 3539 1265 3612 da

192 3653 420 3759 pauperibus
432 3707 443 3741 ,
470 3668 504 3723 et
527 3650 675 3722 habebis
696 3651 905 3724 thesaurum
927 3653 966 3723 in
986 3653 1100 3740 eoelo;
1124 3671 1160 3727 et
1181 3659 1264 3729 veni

197 3791 231 3844 et
254 3795 473 3871 sequererne
490 3769 560 3865 (1)
592 3767 727 3840 Craton
753 3793 838 3842 vero
861 3766 1096 3868 philosophus
1111 3772 1261 3871 apostoli

198 3885 410 3962 salutaribus
438 3884 588 3958 monitis
617 3885 818 3971 consensit,
846 3910 887 3955 ac
913 3900 955 3956 ut
979 3911 1153 3985 gemmae,
1183 3916 1262 3990 qua

231 4160 269 4231 (ι)
288 4155 386 4212 Matth.
402 4172 457 4221 xix,
472 4173 515 4207 ar.
