2894 4958
185 441 247 502 336
460 431 642 494 HISTORIA
662 429 967 494 Etcumssrtcs.

186 583 272 633 nem
297 550 454 629 Simonis
475 551 571 626 Petri
601 565 638 627 et
659 551 762 625 Judoe
785 550 996 641 traditoris,
1018 554 1083 653 qui
1108 568 1147 628 et
1175 556 1243 656 ipse

186 677 313 751 Simon
340 670 509 745 Scariotis
535 668 651 745 dictus
681 683 757 758 est,
790 668 834 742 de
860 669 955 741 Cana
983 669 1064 746 vioo
1091 669 1243 747 Galum

185 791 277 884 fuit,
291 787 354 865 nbi
366 787 543 863 Dominus
554 811 682 887 aquam
695 786 733 858 in
746 783 872 857 vinum
882 785 1049 858 mutavit.
1068 786 1139 860 Hic
1151 789 1243 890 prin

187 910 345 1012 cipetum
362 907 401 981 in
415 906 576 1007 AEgypto
593 902 740 1002 aceepit.

236 1026 343 1104 Judas
363 1022 486 1099 Jacobi
505 1021 698 1095 trinomius
720 1018 804 1092 suit.
825 1018 933 1093 Judas
953 1021 1053 1095 enim
1072 1038 1111 1101 et
1131 1021 1243 1098 Tbsd·

111 1209 114 1214 ,
187 1147 286 1223 daeus
304 1160 410 1243 atque
428 1136 591 1214 bebbeus
615 1136 733 1209 dictus
752 1151 819 1210 est.
842 1136 910 1208 Hie
932 1137 970 1210 in
992 1137 1245 1239 Mesopotam'n

187 1280 225 1339 et
243 1265 279 1337 in
297 1253 529 1338 interioribus
544 1254 650 1329 Ponti
667 1251 889 1353 proedicavit.
909 1252 996 1328 Inde
1017 1255 1128 1329 simul
1145 1255 1244 1333 ambo

187 1377 366 1455 Persidem
378 1373 547 1474 ingressi,
567 1395 650 1442 cum
670 1369 900 1443 innumeram
910 1371 1027 1470 gentis
1037 1371 1151 1471 ipsius
1159 1373 1244 1447 mui-

186 1493 378 1569 titudinem
392 1488 536 1575 Christo
548 1483 799 1575 subdidissent,
809 1500 848 1558 v⁰
859 1486 930 1559 kat.
945 1487 1157 1564 novembris
1167 1516 1244 1564 mar

186 1609 326 1712 tyrium
338 1612 691 1681 consummaverunt.

235 1727 370 1801 Craton
378 1779 389 1815 ,
401 1719 645 1824 apostolorum
656 1716 871 1818 discipulus,
887 1746 969 1822 quoe
984 1746 1050 1820 per
1059 1746 1176 1796 annos
1188 1746 1242 1794 xrn

187 1860 339 1951 egerunt
362 1858 398 1918 et
416 1866 499 1941 quae
523 1839 561 1911 in
582 1835 723 1910 Perside
745 1839 837 1936 passi
857 1853 960 1929 sunt,
981 1838 1089 1941 ionga
1105 1866 1243 1914 enarra-

186 1969 288 2043 tione
301 1961 460 2063 scripsit,
476 1957 561 2033 etin
579 1953 704 2029 decem
719 1955 963 2030 voluminibus
976 1958 1145 2031 universa
1159 1983 1242 2032 oon-

186 2083 400 2189 prehendit,
414 2103 497 2180 quae
509 2074 698 2148 Africanus
714 2073 1028 2175 Historiograpbus
1047 2075 1087 2148 in
1105 2076 1240 2149 latinam

187 2203 347 2303 linguam
359 2192 555 2269 transtulit.
569 2188 699 2261 Abdias
709 2191 817 2263 etiam
827 2191 1011 2291 epistopus
1023 2189 1237 2293 Babylonie,

186 2320 249 2421 qui
275 2315 320 2390 ab
341 2312 424 2414 ipsis
447 2307 631 2384 ordinatus
655 2324 729 2397 est,
755 2334 920 2384 sermone
946 2308 990 2382 de
1016 2308 1089 2383 illis
1112 2309 1238 2410 scripsit

187 2413 376 2517 hebraico,
405 2450 487 2526 quae
514 2421 634 2496 omnia
659 2422 696 2494 in
724 2449 882 2523 graeeum
907 2424 1075 2498 translata
1101 2420 1236 2507 suntab

185 2545 364 2646 Eutropio
380 2537 537 2641 ejusdem
552 2535 750 2637 discipu103
777 2567 859 2642 quae
875 2542 1040 2615 universa
1063 2540 1236 2616 nihilomi-

186 2691 255 2741 nus
271 2660 390 2735 latinis
409 2657 640 2754 interpretata
655 2674 741 2728 sunt
757 2656 803 2730 ab
820 2657 989 2733 Africano
1006 2661 1077 2758 (1).
1094 2660 1181 2734 inde
1195 2656 1236 2732 ab

186 2778 362 2857 breviatio
372 2788 537 2870 excerpta
550 2789 616 2859 est,
631 2789 730 2872 grata
744 2774 948 2850 volentibus
959 2778 1050 2851 seire
1062 2804 1146 2880 quae
1157 2779 1235 2879 prin

186 2901 274 3001 cipis
283 2891 682 2996 praedimtioniseorum
690 2891 841 2981 fuerint,
851 2895 986 2996 veiquo
995 2895 1068 2970 fine
1076 2896 1233 2971 mundun

185 3009 462 3111 dereliquerint,
477 3035 517 3080 uc
534 3008 578 3080 ad
590 3009 748 3083 coelestia
762 3037 868 3112 regna
883 3013 1132 3112 migraverint.

236 3128 355 3205 Sancti
373 3127 482 3226 igitur
498 3128 651 3225 apostoli
669 3128 796 3202 Simon
811 3145 847 3202 et
862 3129 967 3201 Judas
982 3157 1048 3228 per
1065 3131 1233 3205 revelatio-

188 3273 271 3327 nem
294 3243 448 3343 Spiritus
471 3243 591 3316 Sancti
618 3242 796 3317 Persidem
822 3245 968 3345 ingressi
993 3263 1102 3335 sunt,
1134 3245 1233 3348 ibique

186 3368 276 3444 duos
298 3386 437 3462 magos,
463 3361 612 3435 Zaroem
636 3375 673 3435 et
700 3360 872 3452 Arsarat,
896 3363 959 3462 qui
985 3390 1005 3435 a
1029 3361 1123 3438 faeie
1142 3359 1232 3438 sancti

189 3477 349 3563 Mattbaei
367 3478 518 3577 apostoli
540 3476 584 3552 de
604 3477 786 3577 AEtbiopia
804 3477 990 3579 fugerant,
1019 3480 1230 3555 invenerunt.

305 3864 356 3907 otte
367 3848 407 3905 les
421 3847 485 3904 faits
494 3846 614 3921 aiidgnes
624 3849 659 3902 ici
677 3858 740 3902 sont
752 3847 931 3922 apocryphes.
943 3847 991 3903 On
1004 3866 1040 3903 ne
1050 3851 1163 3905 oonnait
1174 3847 1235 3922 point

305 3938 363 4019 μοι
378 3937 543 4014 desspdtres
554 3938 603 4012 qui
616 3955 645 3992 se
658 3938 748 3992 soient
764 3937 872 4012 appeies
885 3938 988 3993 Craton
1002 3939 1031 3992 ni
1050 3937 1163 3993 Abdias.
1178 3933 1235 3992 tutes

301 4049 325 4101 s,
336 4027 457 4085 enimin
469 4044 534 4101 gree
547 4025 587 4080 du
603 4024 752 4092 ursisete,
767 4027 811 4081 n'a
827 4026 907 4100 point
919 4044 954 4079 eu
965 4025 1064 4080 besoin
1076 4024 1113 4080 de
1129 4022 1235 4080 mane

293 4114 352 4177 rb
362 4116 446 4173 stetu
458 4114 592 4172 attribues
603 4132 640 4170 uu
649 4113 714 4169 nux
726 4113 843 4183 Abdias,
858 4131 940 4189 paros
950 4130 1006 4188 que
1017 4113 1085 4170 e‘est
1097 4112 1167 4170 dans
1180 4117 1236 4168 ssttt

285 4202 383 4285 squ’ib
393 4212 445 4262 out
456 4204 501 4261 tte
511 4202 595 4260 etrite
607 4200 656 4259 des
667 4200 805 4276 i’origiue.
