2916 4958
256 401 316 462 444
531 398 716 461 HISTORIA
737 399 1041 463 ECCLESIASTICA.

304 520 423 592 Leone
442 517 626 617 principe,
645 519 977 620 Constantinopolis
991 520 1142 597 biennio
1162 525 1210 597 ab
1231 534 1324 628 Aga-

255 637 352 710 renis
364 635 500 709 obsessa
514 651 586 725 est,
604 636 665 708 sed
677 653 887 737 protegente
898 641 975 712 Deo
989 657 1088 738 capta
1099 667 1176 714 non
1189 657 1254 716 est.
1270 645 1324 717 De

255 754 391 854 populo
407 766 526 825 umen
539 751 639 824 urbis
654 778 717 826 ccc
728 779 755 825 u
768 753 861 828 fame
871 754 926 827 vel
940 771 1036 854 peste
1047 757 1263 858 perierunt(
1288 761 1322 857 ).,

304 867 572 967 Liudprandus,
591 895 655 941 rex
674 868 1010 969 Langobardorum,
1029 873 1215 966 Romanos
1232 891 1322 967 tuuc

255 986 441 1088 gravabat3
459 986 520 1059 sed
540 984 687 1058 hortatu
708 987 870 1084 praesulis
894 1013 934 1060 ac
949 987 1115 1086 precibus
1132 1006 1167 1063 et
1184 991 1324 1063 sancti·-

256 1118 329 1177 tate
346 1104 541 1191 coercitus,
559 1118 681 1202 postea
696 1104 860 1201 quievit(
885 1104 915 1200 )

304 1218 453 1291 Basilius
469 1217 542 1290 dux
562 1235 598 1291 et
617 1217 745 1290 Paulus
766 1217 953 1308 exarchus,
978 1219 1109 1321 aliique
1125 1221 1321 1312 maliciosi,

251 1336 353 1433 jussu
370 1335 499 1407 Leonis
515 1332 685 1432 Augusti,
704 1330 920 1433 Gregorium
932 1360 1060 1434 papam
1073 1338 1250 1434 perimere
1267 1339 1325 1410 ni·

258 1451 438 1523 tebautur.
469 1449 537 1522 Sed
562 1450 715 1522 Romani
743 1466 850 1551 atque
880 1452 1105 1552 Langobardi
1134 1471 1228 1528 nutu
1257 1456 1324 1529 Dei

258 1567 343 1638 totis
360 1565 497 1638 nisibus
513 1565 741 1657 resistebant,
761 1584 797 1640 et
816 1568 962 1641 beatum
985 1571 1175 1668 praesulcm
1197 1588 1324 1672 prote-

257 1683 402 1785 gebant.
430 1683 630 1758 Jordauum
654 1683 912 1757 chartularium
939 1702 975 1760 et
996 1688 1172 1763 Joannem
1193 1691 1324 1764 Bario-

257 1789 341 1875 nem
358 1817 394 1874 et
413 1802 639 1875 Exclaratum
657 1801 802 1892 ducem,
823 1802 1011 1903 filiumque
1031 1808 1106 1903 ejus
1122 1804 1325 1878 Adrianum

257 1918 535 2007 interfecerunt,
566 1933 603 1992 et
632 1917 787 1992 nefarios
817 1934 965 1991 conatus
995 1920 1146 2021 Augusti
1178 1923 1324 2022 penitus

256 2036 535 2135 praepedierunt.
565 2039 777 2110 Decreverat
802 2037 897 2109 enim
924 2052 966 2107 ut
993 2038 1030 2108 in
1056 2037 1153 2110 nulla
1178 2039 1325 2112 ecclesia

258 2152 374 2252 imago
388 2151 578 2225 Salvatoris
586 2206 598 2240 ,
612 2152 669 2225 vel
681 2155 755 2250 ejus
766 2166 897 2223 sauctae
912 2154 1112 2250 genitricis,
1131 2168 1195 2225 aut
1208 2160 1326 2253 cujus-

258 2269 348 2345 libet
365 2271 475 2343 sancti
490 2271 680 2372 martyris,
701 2283 763 2342 aut
775 2270 889 2370 angeli
910 2269 1113 2344 haberetur.
1134 2271 1325 2346 Maledicta

260 2637 321 2711 guit
336 2641 411 2710 paea
426 2638 570 2711 beaucoup
581 2639 644 2710 pres
659 2637 686 2692 le
699 2639 785 2711 regne
802 2638 836 2694 de
849 2639 1012 2694 Constantia
1024 2641 1215 2714 Coprouyme,
1228 2641 1278 2716 qui
1291 2660 1326 2697 ne

259 2747 417 2803 commenpa
429 2730 512 2804 qu’en
524 2733 585 2804 74¹-
602 2729 652 2782 Les
669 2738 781 2783 travaux
798 2731 935 2803 entrepris
951 2749 1002 2803 par
1011 2749 1042 2785 ce
1055 2749 1126 2804 pape
1142 2732 1326 2787 consisterent

188 2816 193 2825 ’
259 2820 320 2894 plus
332 2840 368 2876 eu
380 2820 576 2876 restauratione
588 2819 670 2892 qu'en
686 2819 889 2874 construetious
899 2838 1008 2874 neuves.
1023 2821 1060 2874 La
1072 2820 1187 2880 missiou
1202 2819 1238 2875 de
1255 2821 1326 2875 saint

223 2897 227 2902 ’
259 2911 387 2966 Bouiface
402 2931 437 2966 eu
451 2911 612 2983 Allemague
624 2920 666 2964 est
681 2908 716 2964 de
726 2909 786 2986 718.
803 2910 890 2965 Notre
907 2919 1006 2964 auteur
1018 2909 1106 2983 paruit
1122 2911 1198 2965 avoir
1210 2912 1326 2984 exage're'

259 3003 298 3058 les
309 3002 384 3058 effeta
393 3003 428 3056 de
438 3001 618 3057 t’inondaiion
626 3001 665 3056 du
676 3001 762 3055 Tibre
773 3020 808 3056 en
820 3020 881 3076 7¹7·
890 3001 1003 3074 D'apres
1012 3000 1051 3056 les
1061 3012 1154 3057 autres
1161 3001 1322 3069 historiens,

258 3091 329 3149 l’eau
346 3111 381 3147 ne
394 3091 488 3147 s’eleva
501 3092 564 3165 qu’a
576 3090 602 3145 la
618 3068 738 3147 hauieur
752 3091 819 3146 d’un
836 3092 949 3146 homme
965 3091 1033 3146 daus
1044 3091 1071 3146 le
1080 3092 1206 3166 quartier
1219 3092 1256 3147 de
1272 3093 1326 3147 Via

258 3181 343 3239 Lata.
364 3181 409 3236 Au
428 3181 485 3236 lieu
506 3179 541 3236 de
563 3179 718 3248 Tiberium,
741 3180 804 3235 lisez
830 3180 1025 3236 Theodosium.
1048 3182 1086 3236 La
1105 3181 1220 3239 victoira
1238 3181 1274 3236 de
1296 3199 1326 3236 oe

259 3273 354 3346 priuoe
372 3289 419 3325 sur
435 3272 566 3325 anastase
579 3270 736 3343 appartient
752 3288 788 3323 au
804 3270 874 3324 mois
892 3269 926 3324 de
940 3269 1040 3324 sevrier
1053 3268 1112 3345 716.
1132 3268 1180 3326 On
1200 3271 1326 3343 pourrait

259 3364 349 3419 croire
358 3382 394 3417 au
404 3363 525 3436 premier
534 3379 605 3434 coup
614 3360 688 3419 d'oeil
701 3360 769 3434 qu'il
783 3361 863 3434 s'agit
871 3361 907 3415 ici
917 3361 952 3417 de
964 3360 1106 3416 l'iuvasiou
1118 3360 1270 3416 d'Anbessa
1280 3379 1327 3417 au·

258 3454 320 3510 dela
333 3454 372 3509 du
386 3454 500 3522 Rhoue,
514 3453 582 3507 mais
595 3452 614 3506 il
626 3463 668 3507 est
678 3452 786 3521 visible,
799 3471 850 3525 par
860 3451 885 3507 ie
898 3451 995 3507 chiffre
1008 3451 1056 3506 des
1072 3461 1173 3518 morts,
1192 3470 1248 3524 que
1262 3451 1327 3507 c'est

259 3543 332 3599 dela
345 3543 455 3598 bataille
466 3542 500 3597 de
513 3541 662 3596 Toulouse.
681 3541 763 3595 Trois
773 3544 893 3615 epouges
906 3540 1012 3595 benitas
1026 3538 1172 3614 qu’Eudon
1184 3539 1327 3612 pretendit

259 3636 336 3690 avoir
349 3651 444 3708 repues
457 3633 495 3688 du
507 3652 592 3706 pape,
610 3643 639 3687 et
652 3632 720 3706 qu’il
738 3632 874 3686 distribua
892 3634 908 3685 a
926 3650 968 3687 ses
982 3630 1101 3699 soldats,
1116 3630 1326 3686 contribuerent

258 3724 401 3796 beaucoup
414 3727 429 3777 a
441 3723 601 3777 eussammer
612 3722 637 3777 ie
649 3722 706 3776 zeie
717 3721 764 3776 des
777 3722 932 3780 Chretieus.

295 3812 332 3884 (r)
351 3813 444 3884 Voyez
458 3810 606 3879 oi·dessus,
618 3810 638 3865 1.
655 3829 677 3878 ι,
690 3831 717 3883 p.
734 3809 791 3865 152.

295 3903 333 3972 (a)
352 3902 387 3955 La
406 3900 540 3975 conquete
557 3900 591 3955 de
610 3900 636 3954 la
653 3900 766 3973 plupart
780 3898 828 3954 des
846 3901 935 3973 places
952 3898 990 3953 du
1006 3897 1099 3953 duche
1117 3896 1152 3952 de
1169 3897 1261 3952 Rome
1278 3917 1328 3971 par

260 3988 414 4062 Liutprand
427 3999 469 4044 est
478 3989 512 4043 de
525 4007 591 4063 729³
602 3989 693 4045 c'etait
706 3989 843 4062 I’exarque
853 3987 1005 4061 Eutycbius
1016 3987 1066 4060 qui
1076 3984 1167 4042 derait
1179 3987 1328 4059 s'empaner

261 4079 296 4135 de
308 4079 334 4134 la
350 4078 426 4145 ville,
443 4091 470 4135 et
482 4082 530 4154 qui
542 4102 559 4153 y
572 4093 651 4136 cntra
666 4100 701 4135 cn
712 4079 791 4147 effet,
806 4081 875 4134 mais
885 4079 968 4133 d'une
979 4078 1101 4132 muniere
1113 4077 1264 4150 pacifique,
1279 4095 1329 4149 par

262 4171 331 4226 suite
341 4169 376 4225 de
387 4170 591 4254 l'intprvention
607 4171 646 4227 du
658 4189 727 4245 pape
741 4172 840 4244 aupres
851 4169 886 4225 de
899 4187 949 4224 son
960 4168 1084 4241 puissant
1097 4166 1167 4223 allie'.
