2916 4958
197 332 258 390 312
389 347 391 351 ·
472 326 658 387 HISTORIA
677 323 983 386 Eccttsttsnca.

196 472 302 535 rans,
318 445 370 518 ait
389 475 398 516 ε
421 445 519 517 Vere
533 444 671 541 artifex*
686 470 744 535 cs,
766 461 801 517 et
821 443 924 517 decet
940 459 976 516 te
993 443 1138 540 regibus
1154 447 1260 519 aaut

196 579 323 636 strare.
339 559 475 634 Deinde
489 561 648 634 infinitas
663 559 713 632 illi
731 560 898 659 pecunias
914 558 1144 663 relinquens,
1161 558 1258 635 abiit.

245 678 439 780 Apostolus
467 677 642 778 siquidem
670 676 782 776 coepit
807 676 1010 776 provincias
1040 691 1078 751 et
1106 676 1262 752 civitates

196 797 406 883 circumire,
426 793 578 869 verbum
588 794 735 871 Domini
751 793 967 896 praedicare,
981 793 1168 871 medentes
1178 793 1264 899 bap-

196 918 306 993 tizare
331 929 368 988 et
391 912 510 1015 egenis
535 910 761 986 abundanter
784 909 931 985 donare.
960 911 1264 1020 Innumerabiles!

196 1033 317 1133 itaque
327 1029 504 1132 populum
514 1029 674 1102 Domino
683 1026 871 1128 acquisivit
877 1081 890 1117 ,
903 1026 1052 1103 clericor
1063 1028 1262 1120 ordinarit,

196 1148 358 1222 ecclesias
377 1144 583 1232 fabricavit,
603 1157 640 1217 et
658 1169 724 1243 per
743 1157 861 1216 totum
877 1141 1087 1235 biennium,
1110 1171 1187 1246 quo
1203 1171 1264 1220 rex

197 1264 428 1338 Gundalorus
453 1261 579 1335 absens
601 1260 693 1348 fuit,
719 1260 880 1335 ecclesias
906 1260 1075 1336 firmavit.
1101 1262 1266 1366 Cumque

195 1407 260 1455 rex
278 1381 434 1454 venisset
455 1393 491 1452 et
514 1377 667 1477 apostoli
690 1375 783 1450 facta
808 1374 1125 1478 deprehendisset,
1148 1378 1265 1479 ipsum

196 1523 280 1570 cum
296 1492 447 1570 Abbane
460 1495 560 1568 ferro
578 1494 720 1568 vinctos
734 1494 773 1566 in
794 1493 863 1569 ima
881 1495 1031 1569 carceris
1049 1494 1147 1568 trudi
1170 1521 1268 1597 prae·

197 1613 306 1713 cepit.
336 1610 385 1685 Et
412 1611 587 1713 quoniam
614 1608 692 1685 Gad
718 1608 831 1685 frater
857 1612 950 1714 regis
978 1612 1017 1685 in
1042 1614 1267 1689 extremitate

195 1732 281 1804 vitae
297 1729 510 1829 languebat,
529 1727 821 1804 intersectionem
838 1755 965 1803 eorum
977 1728 1133 1804 distulit.
1153 1726 1268 1806 eum!

198 1874 270 1950 que
293 1848 467 1948 cogitaret
494 1861 536 1920 ut
558 1847 720 1921 viventes
746 1848 945 1922 excoriaret
973 1864 1011 1923 et
1040 1849 1088 1922 ita
1114 1847 1268 1923 flammis

197 1965 373 2054 traderet,
388 1965 547 2039 moritur
559 1964 635 2037 Gad
646 1990 837 2066 germanus
851 1967 937 2065 ejus.
954 1965 1003 2038 Et
1014 1967 1099 2068 quia
1110 1969 1267 2042 multum

198 2081 399 2174 amabatur,
426 2081 469 2155 fit
493 2080 730 2157 intolerabilis
754 2080 885 2156 luctus.
909 2080 1059 2157 Barbari
1080 2101 1268 2160 mortuum

196 2226 266 2298 pro
282 2201 358 2272 ritu
374 2199 494 2300 gentis
506 2224 667 2299 purpura
684 2214 721 2272 et
737 2197 848 2300 bysso
864 2199 1111 2290 circumdant,
1127 2214 1267 2274 totum-

197 2343 269 2422 que
289 2341 419 2416 corpus
431 2316 583 2417 gemmis
597 2320 809 2421 perornant.
824 2317 899 2391 Rex
912 2343 1058 2420 quoque
1070 2343 1114 2392 ex
1129 2343 1267 2421 purpu-

197 2431 269 2505 reis
288 2429 467 2531 lapidibus
485 2432 697 2505 memoriam
716 2431 775 2531 (ι)
792 2435 867 2531 ejus
882 2433 1022 2524 extrui,
1040 2448 1078 2508 et
1095 2433 1215 2534 ipsum
1229 2432 1266 2508 in

199 2547 304 2623 labro
325 2574 511 2648 purpureo
529 2549 616 2648 poni
640 2549 712 2649 (a).
736 2550 876 2624 Interea
892 2549 980 2623 dum
1001 2548 1048 2622 ab
1069 2547 1265 2624 artificibus

198 2692 372 2768 pomposa
384 2683 642 2769 peragerentur
653 2692 775 2767 opera,
792 2666 943 2769 ideoque
956 2666 1059 2742 fieret
1069 2670 1146 2768 ejus
1154 2664 1265 2769 sepul·

199 2800 292 2858 turae
310 2810 431 2874 mora,
447 2783 526 2857 Gad
543 2785 637 2884 ipse,
657 2783 720 2886 qui
733 2800 899 2857 mortuus
914 2783 1051 2876 fuerat,
1070 2784 1264 2861 resurrexit

197 2918 325 3005 quarta
345 2902 422 2992 die,
448 2900 537 2977 bora
558 2901 628 2975 diei
652 2901 783 3000 prima.
811 2900 861 2977 Et
883 2900 999 2975 lactus
1021 2916 1075 2976 eat
1099 2927 1214 3001 pavor
1231 2915 1264 2976 et

198 3032 326 3116 stupor
341 3032 380 3091 et
401 3017 587 3090 silentium
602 3014 795 3105 omnibus,
814 3016 876 3117 qui
899 3041 1002 3090 more
1018 3017 1149 3091 Indico
1166 3014 1264 3090 exbi-

195 3132 333 3208 bebant
348 3133 448 3232 regio
463 3130 584 3207 funeri
598 3132 777 3231 planctus.
792 3136 909 3206 Porro
925 3130 1003 3206 Gad
1014 3129 1265 3206 Gundafornm

196 3275 318 3350 regem
338 3246 541 3349 redarguit,
560 3247 660 3350 quod
682 3249 837 3321 amicum
861 3248 946 3337 Dei,
967 3248 1025 3321 cui
1046 3248 1264 3325 famulantur

195 3366 331 3468 angeli,
355 3365 585 3465 disposuisset
608 3367 792 3440 excoriare
808 3384 845 3440 et
865 3366 1069 3441 incendere.
1092 3364 1264 3442 Palatium

195 3485 303 3559 etiam
320 3482 358 3555 in
377 3481 472 3557 coelo
495 3481 735 3556 inenarrabile
757 3509 793 3557 se
814 3482 942 3557 vidisse
964 3482 1111 3574 retulit,
1131 3509 1176 3558 eo
1193 3483 1263 3557 fao-

226 3824 266 3891 (t)
283 3819 420 3875 Memoria
432 3831 475 3875 eat
489 3819 616 3893 employa
631 3821 668 3876 ici
681 3820 749 3876 dans
764 3820 791 3877 le
806 3837 869 3876 sens
880 3819 916 3876 de
932 3831 1152 3891 manumittunt,
1168 3823 1260 3896 sepul·

191 3931 277 3968 crum.
292 3909 340 3968 On
350 3921 447 3966 nonve
456 3910 525 3966 dans
537 3912 609 3967 saint
617 3912 759 3986 Angustia
771 3936 777 3966 :
792 3916 923 3968 memoria
935 3922 1118 3982 mamwrata,
1134 3915 1263 3974 tumbae

191 4001 226 4055 de
239 3998 361 4058 marbre.
372 3998 499 4055 Labrum
507 4020 695 4073 pwpureum:
710 4001 879 4078 sarcophage
887 4001 924 4062 de
934 4001 1085 4075 porphyra.

224 4091 263 4163 (a)
281 4089 397 4161 Ajoutez
413 4113 418 4144 :
431 4089 522 4162 jubet.
