2916 4958
587 359 884 441 tinuurruuus.
1227 371 1263 428 τι

202 484 243 557 io
265 485 509 557 amotionem.
540 481 590 554 Et
617 498 799 583 assumpto
822 485 930 585 lffetro
958 497 995 559 et
1019 482 1162 558 duobus
1184 484 1268 560 filiis

202 600 388 689 Zebcdoei,
408 599 523 698 coepit
545 621 677 700 pavere·
694 616 731 676 et
755 599 887 700 tedere
902 600 959 674 vel
976 602 1196 678 contristari.
1224 604 1269 677 tt

202 721 277 819 ipee
294 718 434 793 acubus
451 734 505 793 est
520 715 567 792 ob
583 719 632 792 eis
641 771 653 808 ,
672 734 849 818 quantum
863 721 979 817 jactus
994 733 1048 793 est
1063 718 1212 818 lapidis3
1232 734 1269 794 et

189 835 328 934 ‘positis
347 833 499 934 genibus
517 834 663 926 orabat,
678 834 800 909 dicens
816 866 824 908 ε
843 837 971 926 Pater,
986 836 1021 911 si
1037 837 1096 910 vis
1114 833 1271 936 tmmfer

200 952 357 1025 calicem
366 950 463 1031 dunc
474 979 500 1025 a
509 977 579 1024 me.
602 953 645 1025 V
640 945 863 1026 ermntomen
882 978 957 1026 non
975 978 1059 1026 meo
1073 951 1265 1043 uoluntas,

200 1067 268 1142 sed
280 1067 455 1168 tuafiot(
480 1068 512 1166 ).
838 1145 840 1149 ,
901 1144 904 1149 .

246 1185 426 1287 Apparuit
450 1200 572 1262 autem
597 1185 650 1262 iili
681 1183 890 1286 angelusde
913 1184 1027 1274 coelo,
1057 1184 1268 1263 confortans

200 1326 302 1390 cum,
331 1317 368 1376 et
388 1302 504 1383 factus
528 1303 568 1376 in
589 1302 717 1401 agonia
734 1301 910 1401 prolixius
931 1300 1078 1391 orabat3
1097 1317 1134 1375 ct
1153 1301 1268 1377 fastus

200 1433 254 1494 est
265 1418 377 1494 sudor
389 1423 464 1519 ejus
479 1420 573 1494 sicut
583 1435 696 1520 gutte
709 1421 890 1522 sopguinis
903 1419 1126 1500 decurrentis
1142 1418 1182 1492 in
1200 1435 1269 1494 ter·

198 1538 291 1609 ram,
310 1534 365 1608 lbi
387 1553 488 1610 trans
510 1549 712 1611 torrentem
735 1534 878 1627 Cedrop
899 1535 1009 1611 fuisse
1028 1534 1178 1612 hortum
1204 1536 1265 1611 in-

199 1652 414 1754 telligimus,
437 1654 476 1726 in
499 1679 608 1754 quem
632 1654 800 1730 introivit
822 1654 896 1753 ipse
915 1669 954 1728 et
977 1651 1143 1752 discipuli
1168 1657 1264 1754 ejus,

197 1791 307 1870 quem
319 1767 441 1843 locum
452 1768 562 1843 Judes
577 1769 722 1845 sciebat.
742 1769 813 1862 Qui
831 1795 915 1843 cum
929 1769 1121 1868 accepisset
1136 1768 1266 1846 cohor

199 1898 291 1974 tem,
318 1900 357 1959 ct
379 1912 400 1958 a
422 1884 656 1986 pontificibus
673 1901 709 1960 et
731 1884 913 1985 pharisaeis
931 1885 1141 1976 ministros,
1166 1885 1267 1960 venit

170 2027 172 2036 ·
199 1998 284 2074 illuc
303 2027 387 2075 cnm
405 2001 552 2076 laternis
574 2017 611 2076 et
633 1999 772 2075 facibus
794 2015 831 2076 et
854 2001 976 2077 armis.
1001 2002 1051 2074 Et
1074 2000 1265 2076 confestim

197 2117 366 2193 accedens
377 2117 553 2193 odJesum
565 2119 657 2193 dixit
673 2150 682 2192 ι
698 2127 793 2210 Ave,
807 2118 942 2192 Rabbi.
956 2121 1005 2193 Et
1020 2118 1199 2194 osculatus
1211 2133 1265 2192 est

196 2260 293 2310 eum.
307 2235 662 2326 Tuncaccessemnt,
675 2253 712 2310 ct
723 2263 850 2310 monus
861 2237 899 2310 in
910 2239 1029 2311 Jesum
1042 2237 1261 2337 injecerunt,
1375 2318 1377 2323 ,

196 2375 351 2451 cumque
365 2366 574 2428 tenuerunt.
591 2352 748 2442 Deinde,
763 2351 863 2454 quod
872 2354 1029 2429 Jounnes
1042 2378 1263 2429 commemo·

194 2481 271 2554 ret,
287 2465 380 2539 dixit
392 2467 442 2540 eis
460 2499 469 2539 :
493 2467 610 2567 Quem
625 2467 815 2568 quaeritis?
825 2467 1104 2568 Responderunt
1118 2469 1150 2543 ei
1170 2499 1179 2540 :
1195 2469 1263 2542 Je-

193 2608 273 2655 sum
281 2581 532 2658 Nazarenum.
542 2585 593 2658 Ut
604 2584 714 2658 dixit:
724 2586 811 2684 Ego
822 2611 922 2673 sum,
936 2583 1106 2660 abierunt
1116 2598 1262 2660 retror⁴

192 2715 323 2775 sumet
338 2700 546 2777 cecideruut
560 2701 599 2775 in
612 2715 763 2790 terram3
784 2701 975 2802 etreliqua
993 2703 1008 2800 (
1032 2702 1062 2801 )

240 2814 411 2891 Videntes
428 2818 566 2905 autem,
591 2817 685 2888 sicut
700 2818 812 2890 Lucos
828 2816 940 2906 dicit,
961 2816 987 2888 ii
1004 2817 1068 2916 qui
1089 2816 1184 2890 circu
1207 2816 1260 2916 ip-

191 2959 270 3007 sum
294 2949 416 3022 erunt,
442 2933 542 3034 quod
562 2932 731 3007 futurum
747 2948 842 3021 erat,
861 2932 1057 3006 dixerunt:
1079 2933 1256 3026 Domine,

191 3051 226 3122 ei
245 3051 475 3150 percutimus
498 3048 660 3150 gladio?
686 3049 792 3122 Tunc
818 3049 944 3122 Petrus
973 3047 1157 3123 Molchum
1183 3075 1260 3124 ser-

190 3188 278 3236 vum
306 3163 481 3264 principis
508 3163 736 3238 sacerdotum
764 3164 961 3267 percussit,
993 3179 1031 3236 et
1061 3161 1259 3238 euricudom

190 3282 266 3378 ejus
294 3278 459 3354 dextram
487 3279 698 3379 amputavit.
731 3277 1044 3379 Interrogantibus
1072 3278 1260 3378 respoudit

189 3395 291 3469 Jesus
313 3425 323 3467 ε
349 3394 468 3468 Sinite
486 3422 599 3496 usque
616 3395 701 3470 tue.
720 3397 767 3471 Et
785 3395 1002 3495 percutienti
1018 3396 1128 3469 Petro
1143 3396 1260 3494 proti·

190 3537 272 3601 nus,
287 3511 387 3610 quod
395 3509 587 3584 Matthaeus
598 3527 872 3604 commemorat,
882 3511 1069 3611 adjunxit:
1086 3513 1261 3590 Converte

186 3627 360 3727 gladium
377 3646 478 3701 tuum
494 3631 534 3701 in
547 3629 668 3703 locum
686 3656 805 3702 suum.
827 3629 960 3703 omnes
974 3631 1071 3705 enim
1083 3633 1149 3732 qui
1159 3659 1260 3706 acce·

222 3945 262 4014 (1)
283 3941 754 4013 Metth.xxv1,3o-tt;tierc.rw,
769 3890 869 4019 ΜΨ
882 3946 948 4001 Luc.
966 3963 1034 4016 mu,
1049 3942 1259 4020 optutum.

189 4050 270 4102 xvrn,
297 4054 321 4089 1.
340 4061 377 4076 -·
395 4033 435 4105 (α)
456 4034 558 4089 matth.
582 4053 658 4105 xxvi,
678 4031 780 4103 45·5o;
800 4036 887 4092 Mero.
908 4051 967 4105 xiv,
987 4033 1090 4104 40-463
1104 4035 1171 4091 Luc.
1194 4053 1259 4103 xxo,

189 4118 292 4189 4348,
306 4123 405 4178 Joann.
416 4140 480 4176 rvtu
490 4165 497 4190 ‚
509 4140 568 4195 2-9.
