<?xml version="1.0" encoding="UTF-8"?>
<!DOCTYPE html PUBLIC "-//W3C//DTD XHTML 1.0 Transitional//EN"
    "http://www.w3.org/TR/xhtml1/DTD/xhtml1-transitional.dtd">
<html xmlns="http://www.w3.org/1999/xhtml" xml:lang="en" lang="en">
 <head>
  <title>
</title>
<meta http-equiv="Content-Type" content="text/html;charset=utf-8" />
  <meta name='ocr-system' content='tesseract 3.04.00' />
  <meta name='ocr-capabilities' content='ocr_page ocr_carea ocr_par ocr_line ocrx_word'/>
</head>
<body>
  <div class='ocr_page' id='page_1' title='image "./ordericivitalis02deligoog/ordericivitalis02deligoog_0193.png"; bbox 0 0 2894 4958; ppageno 0'>
   <div class='ocr_carea' id='block_1_1' title="bbox 184 393 972 491">
    <p class='ocr_par' dir='ltr' id='par_1_1' title="bbox 184 393 972 491">
     <span class='ocr_line' id='line_1_1' title="bbox 184 393 972 491; baseline -0.003 -33"><span class='ocrx_word' id='word_1_1' title='bbox 184 399 243 458; x_wconf 82' lang='lat'><strong>180</strong></span> <span class='ocrx_word' id='word_1_2' title='bbox 457 394 645 491; x_wconf 29' lang='lat' dir='ltr'><strong>&#39;HISTORIA</strong></span> <span class='ocrx_word' id='word_1_3' title='bbox 667 393 972 457; x_wconf 72' lang='lat' dir='ltr'>ECCLESIASTICA.</span> 
     </span>
    </p>
   </div>
   <div class='ocr_carea' id='block_1_2' title="bbox 183 512 1303 1436">
    <p class='ocr_par' dir='ltr' id='par_1_2' title="bbox 183 512 1303 1436">
     <span class='ocr_line' id='line_1_2' title="bbox 183 512 1251 615; baseline 0.002 -25"><span class='ocrx_word' id='word_1_4' title='bbox 183 516 307 590; x_wconf 86' lang='lat' dir='ltr'><strong>manni</strong></span> <span class='ocrx_word' id='word_1_5' title='bbox 326 515 481 615; x_wconf 80' lang='lat' dir='ltr'><strong>genuina</strong></span> <span class='ocrx_word' id='word_1_6' title='bbox 499 512 751 615; x_wconf 78' lang='lat' dir='ltr'><strong>inquietudine</strong></span> <span class='ocrx_word' id='word_1_7' title='bbox 770 516 940 590; x_wconf 80' lang='lat' dir='ltr'><strong>concitati</strong></span> <span class='ocrx_word' id='word_1_8' title='bbox 958 514 1251 609; x_wconf 79' lang='lat' dir='ltr'><strong>rebellaverunt,</strong></span> 
     </span>
     <span class='ocr_line' id='line_1_3' title="bbox 185 630 1254 737; baseline 0.004 -31"><span class='ocrx_word' id='word_1_9' title='bbox 185 649 221 706; x_wconf 84' lang='lat' dir='ltr'><strong>et</strong></span> <span class='ocrx_word' id='word_1_10' title='bbox 240 633 277 708; x_wconf 90' lang='lat' dir='ltr'><strong>in</strong></span> <span class='ocrx_word' id='word_1_11' title='bbox 296 658 357 704; x_wconf 87' lang='lat' dir='ltr'><strong>sua</strong></span> <span class='ocrx_word' id='word_1_12' title='bbox 373 632 506 704; x_wconf 85' lang='lat' dir='ltr'><strong>viscera</strong></span> <span class='ocrx_word' id='word_1_13' title='bbox 523 630 587 703; x_wconf 87' lang='lat' dir='ltr'><strong>diu</strong></span> <span class='ocrx_word' id='word_1_14' title='bbox 609 648 831 730; x_wconf 81' lang='lat' dir='ltr'><strong>pugnantes,</strong></span> <span class='ocrx_word' id='word_1_15' title='bbox 847 633 998 706; x_wconf 83' lang='lat' dir='ltr'><strong>nimiam</strong></span> <span class='ocrx_word' id='word_1_16' title='bbox 1015 650 1176 737; x_wconf 80' lang='lat' dir='ltr'><strong>stragem</strong></span> <span class='ocrx_word' id='word_1_17' title='bbox 1192 661 1254 710; x_wconf 89' lang='lat' dir='ltr'><strong>no·</strong></span> 
     </span>
     <span class='ocr_line' id='line_1_4' title="bbox 183 748 1256 848; baseline 0.003 -26"><span class='ocrx_word' id='word_1_18' title='bbox 183 749 314 822; x_wconf 87' lang='lat' dir='ltr'><strong>bilium</strong></span> <span class='ocrx_word' id='word_1_19' title='bbox 329 764 365 822; x_wconf 77' lang='lat' dir='ltr'><strong>et</strong></span> <span class='ocrx_word' id='word_1_20' title='bbox 378 748 581 848; x_wconf 81' lang='lat' dir='ltr'><strong>vulgarium</strong></span> <span class='ocrx_word' id='word_1_21' title='bbox 596 763 910 847; x_wconf 87' lang='lat' dir='ltr'><strong>perpetraverunt.</strong></span> <span class='ocrx_word' id='word_1_22' title='bbox 925 749 1018 823; x_wconf 84' lang='lat' dir='ltr'><strong>Nam</strong></span> <span class='ocrx_word' id='word_1_23' title='bbox 1033 749 1256 827; x_wconf 79' lang='lat' dir='ltr'><strong>Gisiebertns</strong></span> 
     </span>
     <span class='ocr_line' id='line_1_5' title="bbox 184 861 1255 964; baseline 0.002 -25"><span class='ocrx_word' id='word_1_24' title='bbox 184 893 303 943; x_wconf 88' lang='lat' dir='ltr'><strong>comes</strong></span> <span class='ocrx_word' id='word_1_25' title='bbox 327 866 499 939; x_wconf 88' lang='lat' dir='ltr'><strong>Brionnae</strong></span> <span class='ocrx_word' id='word_1_26' title='bbox 534 881 570 936; x_wconf 85' lang='lat' dir='ltr'><strong>et</strong></span> <span class='ocrx_word' id='word_1_27' title='bbox 599 861 783 937; x_wconf 89' lang='lat' dir='ltr'><strong>Osbernus</strong></span> <span class='ocrx_word' id='word_1_28' title='bbox 810 864 969 964; x_wconf 81' lang='lat' dir='ltr'>dapifer,</span> <span class='ocrx_word' id='word_1_29' title='bbox 1000 864 1255 942; x_wconf 83' lang='lat' dir='ltr'><strong>Gualchelinm</strong></span> 
     </span>
     <span class='ocr_line' id='line_1_6' title="bbox 183 981 1257 1084; baseline 0.001 -25"><span class='ocrx_word' id='word_1_30' title='bbox 183 985 228 1059; x_wconf 89' lang='lat' dir='ltr'><strong>de</strong></span> <span class='ocrx_word' id='word_1_31' title='bbox 256 984 429 1058; x_wconf 85' lang='lat' dir='ltr'><strong>Ferrariis</strong></span> <span class='ocrx_word' id='word_1_32' title='bbox 464 998 499 1055; x_wconf 86' lang='lat' dir='ltr'><strong>et</strong></span> <span class='ocrx_word' id='word_1_33' title='bbox 532 983 637 1082; x_wconf 83' lang='lat' dir='ltr'><strong>Hugo</strong></span> <span class='ocrx_word' id='word_1_34' title='bbox 663 981 707 1055; x_wconf 90' lang='lat' dir='ltr'><strong>de</strong></span> <span class='ocrx_word' id='word_1_35' title='bbox 734 982 948 1058; x_wconf 84' lang='lat' dir='ltr'><strong>Monteforti</strong></span> <span class='ocrx_word' id='word_1_36' title='bbox 961 1037 972 1072; x_wconf 89' lang='lat'><strong><em>,</em></strong></span> <span class='ocrx_word' id='word_1_37' title='bbox 1007 985 1187 1084; x_wconf 79' lang='lat' dir='ltr'><strong>Rogerius</strong></span> <span class='ocrx_word' id='word_1_38' title='bbox 1214 985 1257 1060; x_wconf 89' lang='lat' dir='ltr'><strong>de</strong></span> 
     </span>
     <span class='ocr_line' id='line_1_7' title="bbox 183 1095 1303 1209; baseline 0 -36"><span class='ocrx_word' id='word_1_39' title='bbox 183 1101 352 1200; x_wconf 85' lang='lat' dir='ltr'><strong>Hispania</strong></span> <span class='ocrx_word' id='word_1_40' title='bbox 370 1116 405 1172; x_wconf 87' lang='lat' dir='ltr'><strong>et</strong></span> <span class='ocrx_word' id='word_1_41' title='bbox 423 1097 627 1172; x_wconf 80' lang='lat' dir='ltr'><strong>Rodbertus</strong></span> <span class='ocrx_word' id='word_1_42' title='bbox 645 1097 689 1170; x_wconf 92' lang='lat' dir='ltr'><strong>de</strong></span> <span class='ocrx_word' id='word_1_43' title='bbox 711 1095 1036 1188; x_wconf 87' lang='lat' dir='ltr'><strong>Grentemasnilio,</strong></span> <span class='ocrx_word' id='word_1_44' title='bbox 1053 1099 1259 1175; x_wconf 84' lang='lat' dir='ltr'><strong>Turchetil-</strong></span> <span class='ocrx_word' id='word_1_45' title='bbox 1294 1186 1303 1209; x_wconf 58' lang='lat'>„</span> 
     </span>
     <span class='ocr_line' id='line_1_8' title="bbox 183 1213 1258 1319; baseline 0 -29"><span class='ocrx_word' id='word_1_46' title='bbox 183 1218 239 1291; x_wconf 89' lang='lat' dir='ltr'><strong>lus</strong></span> <span class='ocrx_word' id='word_1_47' title='bbox 247 1244 393 1319; x_wconf 90' lang='lat' dir='ltr'><strong>quoque</strong></span> <span class='ocrx_word' id='word_1_48' title='bbox 405 1218 505 1288; x_wconf 88' lang='lat' dir='ltr'><strong>ducis</strong></span> <span class='ocrx_word' id='word_1_49' title='bbox 517 1213 749 1316; x_wconf 79' lang='lat' dir='ltr'><strong>paedagogus,</strong></span> <span class='ocrx_word' id='word_1_50' title='bbox 766 1216 897 1317; x_wconf 89' lang='lat' dir='ltr'><strong>aliique</strong></span> <span class='ocrx_word' id='word_1_51' title='bbox 904 1217 1025 1317; x_wconf 87' lang='lat' dir='ltr'><strong>plures</strong></span> <span class='ocrx_word' id='word_1_52' title='bbox 1037 1218 1258 1293; x_wconf 78' lang='lat' dir='ltr'><strong>interierunt</strong></span> 
     </span>
     <span class='ocr_line' id='line_1_9' title="bbox 183 1331 1257 1436; baseline 0.002 -29"><span class='ocrx_word' id='word_1_53' title='bbox 183 1336 320 1408; x_wconf 83' lang='lat' dir='ltr'><strong>mutuis</strong></span> <span class='ocrx_word' id='word_1_54' title='bbox 333 1331 463 1406; x_wconf 82' lang='lat' dir='ltr'><strong>ictibus</strong></span> <span class='ocrx_word' id='word_1_55' title='bbox 488 1333 559 1432; x_wconf 85' lang='grc' dir='ltr'>(ι).</span> <span class='ocrx_word' id='word_1_56' title='bbox 580 1331 700 1407; x_wconf 90' lang='lat' dir='ltr'><strong>Guido</strong></span> <span class='ocrx_word' id='word_1_57' title='bbox 717 1333 824 1407; x_wconf 81' lang='lat' dir='ltr'><strong>etiam</strong></span> <span class='ocrx_word' id='word_1_58' title='bbox 841 1332 1002 1406; x_wconf 87' lang='lat' dir='ltr'><strong>Rainaldi</strong></span> <span class='ocrx_word' id='word_1_59' title='bbox 1019 1335 1257 1436; x_wconf 79' lang='lat' dir='ltr'><strong>Burgrmdio-</strong></span> 
     </span>
    </p>
   </div>
   <div class='ocr_carea' id='block_1_3' title="bbox 185 1579 1259 1656">
    <p class='ocr_par' dir='ltr' id='par_1_3' title="bbox 185 1579 1259 1656">
     <span class='ocr_line' id='line_1_10' title="bbox 185 1579 1259 1656; baseline 0.002 -20"><span class='ocrx_word' id='word_1_60' title='bbox 185 1580 332 1654; x_wconf 83' lang='lat' dir='ltr'><strong>accomplis</strong></span> <span class='ocrx_word' id='word_1_61' title='bbox 350 1583 366 1634; x_wconf 71' lang='grc' dir='ltr'>ὲ</span> <span class='ocrx_word' id='word_1_62' title='bbox 383 1580 409 1634; x_wconf 86' lang='lat' dir='ltr'><strong>la</strong></span> <span class='ocrx_word' id='word_1_63' title='bbox 428 1590 502 1634; x_wconf 86' lang='lat' dir='ltr'><strong>mort</strong></span> <span class='ocrx_word' id='word_1_64' title='bbox 518 1579 553 1634; x_wconf 90' lang='lat' dir='ltr'><strong>de</strong></span> <span class='ocrx_word' id='word_1_65' title='bbox 570 1597 619 1633; x_wconf 85' lang='lat' dir='ltr'><strong>san</strong></span> <span class='ocrx_word' id='word_1_66' title='bbox 639 1580 719 1652; x_wconf 69' lang='lat' dir='ltr'><strong>pere,</strong></span> <span class='ocrx_word' id='word_1_67' title='bbox 738 1579 869 1653; x_wconf 83' lang='lat' dir='ltr'><strong>pnisqn’il</strong></span> <span class='ocrx_word' id='word_1_68' title='bbox 887 1582 951 1636; x_wconf 87' lang='lat' dir='ltr'><strong>n&#39;en</strong></span> <span class='ocrx_word' id='word_1_69' title='bbox 969 1581 1040 1636; x_wconf 79' lang='lat' dir='ltr'><strong>avait</strong></span> <span class='ocrx_word' id='word_1_70' title='bbox 1059 1600 1116 1656; x_wconf 89' lang='lat' dir='ltr'><strong>que</strong></span> <span class='ocrx_word' id='word_1_71' title='bbox 1136 1583 1259 1638; x_wconf 70' lang='lat' dir='ltr'><strong>soixanoe</strong></span> 
     </span>
    </p>
   </div>
   <div class='ocr_carea' id='block_1_4' title="bbox 65 1666 1259 1742">
    <p class='ocr_par' dir='ltr' id='par_1_4' title="bbox 65 1666 1259 1742">
     <span class='ocr_line' id='line_1_11' title="bbox 65 1666 1259 1742; baseline 0.002 -18"><span class='ocrx_word' id='word_1_72' title='bbox 65 1728 70 1735; x_wconf 58' lang='grc'><strong>,</strong></span> <span class='ocrx_word' id='word_1_73' title='bbox 184 1671 358 1725; x_wconf 74' lang='lat' dir='ltr'><strong>commences</strong></span> <span class='ocrx_word' id='word_1_74' title='bbox 377 1667 470 1741; x_wconf 86' lang='lat' dir='ltr'><strong>quand</strong></span> <span class='ocrx_word' id='word_1_75' title='bbox 491 1666 510 1723; x_wconf 80' lang='lat' dir='ltr'><strong>il</strong></span> <span class='ocrx_word' id='word_1_76' title='bbox 531 1678 646 1721; x_wconf 87' lang='lat' dir='ltr'><strong>mourut</strong></span> <span class='ocrx_word' id='word_1_77' title='bbox 665 1667 813 1724; x_wconf 72' lang='lat' dir='ltr'><strong>lui-meme</strong></span> <span class='ocrx_word' id='word_1_78' title='bbox 833 1667 913 1741; x_wconf 81' lang='lat' dir='ltr'><strong>(fere</strong></span> <span class='ocrx_word' id='word_1_79' title='bbox 933 1674 1152 1742; x_wconf 79' lang='lat' dir='ltr'><strong>sexagenarius,</strong></span> <span class='ocrx_word' id='word_1_80' title='bbox 1172 1670 1216 1728; x_wconf 85' lang='lat' dir='ltr'><strong>‹lit</strong></span> <span class='ocrx_word' id='word_1_81' title='bbox 1232 1670 1259 1726; x_wconf 84' lang='lat' dir='ltr'><strong>le</strong></span> 
     </span>
    </p>
   </div>
   <div class='ocr_carea' id='block_1_5' title="bbox 178 1758 1266 4346">
    <p class='ocr_par' dir='ltr' id='par_1_5' title="bbox 185 1758 815 1832">
     <span class='ocr_line' id='line_1_12' title="bbox 185 1758 815 1832; baseline -0.005 -17"><span class='ocrx_word' id='word_1_82' title='bbox 185 1761 380 1815; x_wconf 80' lang='lat' dir='ltr'><strong>continuateur</strong></span> <span class='ocrx_word' id='word_1_83' title='bbox 392 1759 427 1816; x_wconf 87' lang='lat' dir='ltr'><strong>de</strong></span> <span class='ocrx_word' id='word_1_84' title='bbox 439 1758 600 1816; x_wconf 83' lang='lat' dir='ltr'><strong>Guillaume</strong></span> <span class='ocrx_word' id='word_1_85' title='bbox 609 1758 644 1812; x_wconf 90' lang='lat' dir='ltr'><strong>de</strong></span> <span class='ocrx_word' id='word_1_86' title='bbox 653 1759 668 1813; x_wconf 90' lang='lat' dir='ltr'>J</span> <span class='ocrx_word' id='word_1_87' title='bbox 671 1759 815 1832; x_wconf 73' lang='lat' dir='ltr'><strong>nmieges).</strong></span> 
     </span>
    </p>

    <p class='ocr_par' dir='ltr' id='par_1_6' title="bbox 185 1845 1257 2636">
     <span class='ocr_line' id='line_1_13' title="bbox 221 1845 1257 1921; baseline 0.001 -18"><span class='ocrx_word' id='word_1_88' title='bbox 221 1850 260 1921; x_wconf 88' lang='grc' dir='ltr'><strong>(ι)</strong></span> <span class='ocrx_word' id='word_1_89' title='bbox 278 1848 432 1916; x_wconf 84' lang='lat' dir='ltr'><strong>Gislebert‚</strong></span> <span class='ocrx_word' id='word_1_90' title='bbox 447 1857 538 1902; x_wconf 83' lang='lat' dir='ltr'><strong>comte</strong></span> <span class='ocrx_word' id='word_1_91' title='bbox 555 1848 590 1901; x_wconf 92' lang='lat' dir='ltr'><strong>de</strong></span> <span class='ocrx_word' id='word_1_92' title='bbox 608 1847 743 1913; x_wconf 84' lang='lat' dir='ltr'><strong>Brionne,</strong></span> <span class='ocrx_word' id='word_1_93' title='bbox 759 1846 800 1900; x_wconf 82' lang='lat' dir='ltr'><strong>fils</strong></span> <span class='ocrx_word' id='word_1_94' title='bbox 817 1846 852 1902; x_wconf 93' lang='lat' dir='ltr'><strong>de</strong></span> <span class='ocrx_word' id='word_1_95' title='bbox 869 1846 1020 1916; x_wconf 84' lang='lat' dir='ltr'><strong>Gadesroi,</strong></span> <span class='ocrx_word' id='word_1_96' title='bbox 1038 1858 1133 1903; x_wconf 79' lang='lat' dir='ltr'><strong>comte</strong></span> <span class='ocrx_word' id='word_1_97' title='bbox 1145 1845 1217 1903; x_wconf 86' lang='lat' dir='ltr'><strong>d&#39;En</strong></span> <span class='ocrx_word' id='word_1_98' title='bbox 1231 1857 1257 1904; x_wconf 75' lang='lat' dir='ltr'><strong>et</strong></span> 
     </span>
     <span class='ocr_line' id='line_1_14' title="bbox 186 1935 1256 2013; baseline 0.003 -21"><span class='ocrx_word' id='word_1_99' title='bbox 186 1936 221 1994; x_wconf 89' lang='lat' dir='ltr'><strong>de</strong></span> <span class='ocrx_word' id='word_1_100' title='bbox 235 1939 369 2007; x_wconf 86' lang='lat' dir='ltr'><strong>Brionne,</strong></span> <span class='ocrx_word' id='word_1_101' title='bbox 381 1937 476 1994; x_wconf 82' lang='lat' dir='ltr'><strong>ensant</strong></span> <span class='ocrx_word' id='word_1_102' title='bbox 488 1935 597 1992; x_wconf 80' lang='lat' dir='ltr'><strong>nature!</strong></span> <span class='ocrx_word' id='word_1_103' title='bbox 609 1935 644 1991; x_wconf 92' lang='lat' dir='ltr'><strong>de</strong></span> <span class='ocrx_word' id='word_1_104' title='bbox 654 1935 778 1990; x_wconf 85' lang='lat' dir='ltr'><strong>Richard</strong></span> <span class='ocrx_word' id='word_1_105' title='bbox 791 1938 833 1990; x_wconf 61' lang='lat'><strong>1«.</strong></span> <span class='ocrx_word' id='word_1_106' title='bbox 847 1936 988 1992; x_wconf 82' lang='lat' dir='ltr'><strong>Gislebert</strong></span> <span class='ocrx_word' id='word_1_107' title='bbox 1001 1956 1017 1993; x_wconf 85' lang='lat' dir='ltr'><strong>a</strong></span> <span class='ocrx_word' id='word_1_108' title='bbox 1033 1936 1185 1995; x_wconf 69' lang='lat' dir='ltr'><strong>lui-meme</strong></span> <span class='ocrx_word' id='word_1_109' title='bbox 1196 1956 1256 2013; x_wconf 70' lang='lat' dir='ltr'><strong>poa·</strong></span> 
     </span>
     <span class='ocr_line' id='line_1_15' title="bbox 186 2024 1257 2098; baseline -0.001 -15"><span class='ocrx_word' id='word_1_110' title='bbox 186 2028 251 2083; x_wconf 75' lang='lat' dir='ltr'><strong>sede</strong></span> <span class='ocrx_word' id='word_1_111' title='bbox 260 2028 286 2083; x_wconf 88' lang='lat' dir='ltr'><strong>le</strong></span> <span class='ocrx_word' id='word_1_112' title='bbox 300 2030 391 2083; x_wconf 75' lang='lat' dir='ltr'><strong>comte</strong></span> <span class='ocrx_word' id='word_1_113' title='bbox 403 2026 488 2093; x_wconf 86' lang='lat' dir='ltr'><strong>d’En,</strong></span> <span class='ocrx_word' id='word_1_114' title='bbox 506 2026 574 2081; x_wconf 84' lang='lat' dir='ltr'><strong>mais</strong></span> <span class='ocrx_word' id='word_1_115' title='bbox 587 2044 641 2098; x_wconf 87' lang='lat' dir='ltr'><strong>peu</strong></span> <span class='ocrx_word' id='word_1_116' title='bbox 654 2025 690 2080; x_wconf 93' lang='lat' dir='ltr'><strong>de</strong></span> <span class='ocrx_word' id='word_1_117' title='bbox 703 2036 809 2098; x_wconf 79' lang='lat' dir='ltr'><strong>temps:</strong></span> <span class='ocrx_word' id='word_1_118' title='bbox 824 2046 983 2098; x_wconf 83' lang='lat' dir='ltr'><strong><em>parumper,</em></strong></span> <span class='ocrx_word' id='word_1_119' title='bbox 996 2024 1039 2081; x_wconf 77' lang='lat' dir='ltr'><strong>dir</strong></span> <span class='ocrx_word' id='word_1_120' title='bbox 1052 2025 1214 2084; x_wconf 79' lang='lat' dir='ltr'><strong>Guiilnume</strong></span> <span class='ocrx_word' id='word_1_121' title='bbox 1224 2026 1257 2082; x_wconf 82' lang='lat' dir='ltr'><strong>de</strong></span> 
     </span>
     <span class='ocr_line' id='line_1_16' title="bbox 185 2114 1256 2191; baseline 0 -20"><span class='ocrx_word' id='word_1_122' title='bbox 185 2118 342 2191; x_wconf 70' lang='lat' dir='ltr'><strong>Jumieges,</strong></span> <span class='ocrx_word' id='word_1_123' title='bbox 357 2116 567 2190; x_wconf 82' lang='lat' dir='ltr'><strong>probablement</strong></span> <span class='ocrx_word' id='word_1_124' title='bbox 580 2116 660 2188; x_wconf 76' lang='lat' dir='ltr'><strong>apres</strong></span> <span class='ocrx_word' id='word_1_125' title='bbox 673 2115 699 2169; x_wconf 86' lang='lat' dir='ltr'><strong>la</strong></span> <span class='ocrx_word' id='word_1_126' title='bbox 711 2124 785 2169; x_wconf 85' lang='lat' dir='ltr'><strong>mort</strong></span> <span class='ocrx_word' id='word_1_127' title='bbox 797 2114 832 2170; x_wconf 89' lang='lat' dir='ltr'><strong>de</strong></span> <span class='ocrx_word' id='word_1_128' title='bbox 842 2133 892 2170; x_wconf 87' lang='lat' dir='ltr'><strong>son</strong></span> <span class='ocrx_word' id='word_1_129' title='bbox 901 2115 980 2171; x_wconf 87' lang='lat' dir='ltr'><strong>oncle</strong></span> <span class='ocrx_word' id='word_1_130' title='bbox 989 2115 1171 2186; x_wconf 84' lang='lat' dir='ltr'><strong>Guillaume,</strong></span> <span class='ocrx_word' id='word_1_131' title='bbox 1183 2125 1256 2172; x_wconf 77' lang='lat' dir='ltr'><strong>autre</strong></span> 
     </span>
     <span class='ocr_line' id='line_1_17' title="bbox 186 2203 1254 2277; baseline 0.003 -18"><span class='ocrx_word' id='word_1_132' title='bbox 186 2205 229 2260; x_wconf 84' lang='lat' dir='ltr'><strong>fils</strong></span> <span class='ocrx_word' id='word_1_133' title='bbox 242 2205 349 2260; x_wconf 81' lang='lat' dir='ltr'><strong>naturel</strong></span> <span class='ocrx_word' id='word_1_134' title='bbox 362 2205 397 2261; x_wconf 91' lang='lat' dir='ltr'><strong>de</strong></span> <span class='ocrx_word' id='word_1_135' title='bbox 410 2204 532 2260; x_wconf 83' lang='lat' dir='ltr'><strong>Richard</strong></span> <span class='ocrx_word' id='word_1_136' title='bbox 542 2205 584 2271; x_wconf 68' lang='lat'><strong>10¹,</strong></span> <span class='ocrx_word' id='word_1_137' title='bbox 596 2205 645 2277; x_wconf 93' lang='lat' dir='ltr'><strong>qui</strong></span> <span class='ocrx_word' id='word_1_138' title='bbox 653 2205 724 2258; x_wconf 80' lang='lat' dir='ltr'><strong>avait</strong></span> <span class='ocrx_word' id='word_1_139' title='bbox 738 2203 854 2259; x_wconf 76' lang='lat' dir='ltr'><strong>succede</strong></span> <span class='ocrx_word' id='word_1_140' title='bbox 865 2205 1025 2261; x_wconf 71' lang='lat' dir='ltr'><strong>aeodefroi</strong></span> <span class='ocrx_word' id='word_1_141' title='bbox 1033 2204 1103 2260; x_wconf 81' lang='lat' dir='ltr'><strong>dans</strong></span> <span class='ocrx_word' id='word_1_142' title='bbox 1113 2225 1147 2262; x_wconf 83' lang='lat' dir='ltr'><strong>ee</strong></span> <span class='ocrx_word' id='word_1_143' title='bbox 1156 2208 1254 2273; x_wconf 63' lang='lat' dir='ltr'><strong>comte,</strong></span> 
     </span>
     <span class='ocr_line' id='line_1_18' title="bbox 187 2290 1255 2368; baseline 0 -20"><span class='ocrx_word' id='word_1_144' title='bbox 187 2304 215 2349; x_wconf 84' lang='lat' dir='ltr'><strong>et</strong></span> <span class='ocrx_word' id='word_1_145' title='bbox 228 2298 244 2349; x_wconf 78' lang='lat' dir='ltr'><strong>&#39;a</strong></span> <span class='ocrx_word' id='word_1_146' title='bbox 256 2294 282 2348; x_wconf 88' lang='lat' dir='ltr'><strong>la</strong></span> <span class='ocrx_word' id='word_1_147' title='bbox 303 2295 435 2368; x_wconf 71' lang='lat' dir='ltr'><strong>posteritd</strong></span> <span class='ocrx_word' id='word_1_148' title='bbox 451 2293 555 2367; x_wconf 82' lang='lat' dir='ltr'><strong>duquel</strong></span> <span class='ocrx_word' id='word_1_149' title='bbox 572 2292 591 2347; x_wconf 90' lang='lat' dir='ltr'><strong>il</strong></span> <span class='ocrx_word' id='word_1_150' title='bbox 609 2293 708 2348; x_wconf 83' lang='lat' dir='ltr'><strong>revint.</strong></span> <span class='ocrx_word' id='word_1_151' title='bbox 728 2294 767 2348; x_wconf 88' lang='lat' dir='ltr'><strong>Le</strong></span> <span class='ocrx_word' id='word_1_152' title='bbox 784 2303 875 2349; x_wconf 85' lang='lat' dir='ltr'><strong>comte</strong></span> <span class='ocrx_word' id='word_1_153' title='bbox 894 2293 1031 2349; x_wconf 83' lang='lat' dir='ltr'><strong>Gislebert</strong></span> <span class='ocrx_word' id='word_1_154' title='bbox 1046 2290 1115 2349; x_wconf 73' lang='lat' dir='ltr'><strong>emit</strong></span> <span class='ocrx_word' id='word_1_155' title='bbox 1133 2297 1151 2350; x_wconf 63' lang='lat' dir='ltr'><strong>a</strong></span> <span class='ocrx_word' id='word_1_156' title='bbox 1169 2294 1196 2350; x_wconf 79' lang='lat' dir='ltr'>h</span> <span class='ocrx_word' id='word_1_157' title='bbox 1209 2293 1255 2349; x_wconf 76' lang='lat' dir='ltr'><strong>fois</strong></span> 
     </span>
     <span class='ocr_line' id='line_1_19' title="bbox 186 2383 1255 2458; baseline 0.004 -20"><span class='ocrx_word' id='word_1_158' title='bbox 186 2383 285 2439; x_wconf 86' lang='lat' dir='ltr'><strong>l&#39;oncle</strong></span> <span class='ocrx_word' id='word_1_159' title='bbox 301 2387 317 2438; x_wconf 72' lang='lat' dir='ltr'><strong>d</strong></span> <span class='ocrx_word' id='word_1_160' title='bbox 333 2383 358 2438; x_wconf 83' lang='lat' dir='ltr'><strong>la</strong></span> <span class='ocrx_word' id='word_1_161' title='bbox 375 2384 458 2440; x_wconf 86' lang='lat' dir='ltr'><strong>mode</strong></span> <span class='ocrx_word' id='word_1_162' title='bbox 476 2383 511 2439; x_wconf 93' lang='lat' dir='ltr'><strong>de</strong></span> <span class='ocrx_word' id='word_1_163' title='bbox 525 2384 660 2456; x_wconf 82' lang='lat' dir='ltr'><strong>Bretagne</strong></span> <span class='ocrx_word' id='word_1_164' title='bbox 678 2394 706 2439; x_wconf 87' lang='lat' dir='ltr'><strong>et</strong></span> <span class='ocrx_word' id='word_1_165' title='bbox 723 2383 749 2439; x_wconf 94' lang='lat' dir='ltr'><strong>le</strong></span> <span class='ocrx_word' id='word_1_166' title='bbox 767 2402 942 2458; x_wconf 84' lang='lat' dir='ltr'><strong>gouvemeur</strong></span> <span class='ocrx_word' id='word_1_167' title='bbox 953 2384 991 2440; x_wconf 92' lang='lat' dir='ltr'><strong>du</strong></span> <span class='ocrx_word' id='word_1_168' title='bbox 1004 2385 1092 2458; x_wconf 87' lang='lat' dir='ltr'><strong>jenne</strong></span> <span class='ocrx_word' id='word_1_169' title='bbox 1103 2385 1172 2442; x_wconf 86' lang='lat' dir='ltr'><strong>duc.</strong></span> <span class='ocrx_word' id='word_1_170' title='bbox 1186 2386 1255 2442; x_wconf 75' lang='lat' dir='ltr'><strong>Nom</strong></span> 
     </span>
     <span class='ocr_line' id='line_1_20' title="bbox 185 2472 1254 2551; baseline 0.004 -23"><span class='ocrx_word' id='word_1_171' title='bbox 185 2491 301 2529; x_wconf 85' lang='lat' dir='ltr'><strong>verrons</strong></span> <span class='ocrx_word' id='word_1_172' title='bbox 314 2474 422 2529; x_wconf 78' lang='lat' dir='ltr'><strong>bientdt</strong></span> <span class='ocrx_word' id='word_1_173' title='bbox 432 2472 492 2544; x_wconf 83' lang='lat' dir='ltr'><strong>(liv.</strong></span> <span class='ocrx_word' id='word_1_174' title='bbox 508 2476 547 2544; x_wconf 88' lang='grc' dir='ltr'>ιιι)</span> <span class='ocrx_word' id='word_1_175' title='bbox 560 2474 599 2529; x_wconf 90' lang='lat' dir='ltr'><strong>les</strong></span> <span class='ocrx_word' id='word_1_176' title='bbox 610 2475 820 2544; x_wconf 83' lang='lat' dir='ltr'><strong>circonstances,</strong></span> <span class='ocrx_word' id='word_1_177' title='bbox 836 2494 890 2549; x_wconf 90' lang='lat' dir='ltr'><strong>peu</strong></span> <span class='ocrx_word' id='word_1_178' title='bbox 899 2475 1065 2533; x_wconf 82' lang='lat' dir='ltr'><strong>honorables</strong></span> <span class='ocrx_word' id='word_1_179' title='bbox 1077 2495 1153 2551; x_wconf 87' lang='lat' dir='ltr'><strong>pour</strong></span> <span class='ocrx_word' id='word_1_180' title='bbox 1162 2496 1191 2535; x_wconf 78' lang='lat' dir='ltr'><strong>aa</strong></span> <span class='ocrx_word' id='word_1_181' title='bbox 1202 2479 1254 2532; x_wconf 61' lang='lat' dir='ltr'><strong>md*</strong></span> 
     </span>
     <span class='ocr_line' id='line_1_21' title="bbox 188 2562 774 2636; baseline 0.002 -20"><span class='ocrx_word' id='word_1_182' title='bbox 188 2562 291 2628; x_wconf 91' lang='lat' dir='ltr'><strong>moire,</strong></span> <span class='ocrx_word' id='word_1_183' title='bbox 307 2563 355 2636; x_wconf 86' lang='lat' dir='ltr'><strong>qui</strong></span> <span class='ocrx_word' id='word_1_184' title='bbox 369 2563 531 2617; x_wconf 72' lang='lat' dir='ltr'><strong>amenerent</strong></span> <span class='ocrx_word' id='word_1_185' title='bbox 543 2580 571 2616; x_wconf 81' lang='lat' dir='ltr'><strong>sa</strong></span> <span class='ocrx_word' id='word_1_186' title='bbox 584 2562 622 2616; x_wconf 84' lang='lat' dir='ltr'><strong>fin</strong></span> <span class='ocrx_word' id='word_1_187' title='bbox 637 2564 774 2635; x_wconf 79' lang='lat' dir='ltr'><strong>tragique.</strong></span> 
     </span>
    </p>

    <p class='ocr_par' dir='ltr' id='par_1_7' title="bbox 185 2651 1264 3789">
     <span class='ocr_line' id='line_1_22' title="bbox 223 2651 1254 2728; baseline 0.003 -21"><span class='ocrx_word' id='word_1_188' title='bbox 223 2651 517 2725; x_wconf 79' lang='lat' dir='ltr'><strong>osberne-le-Dapifer</strong></span> <span class='ocrx_word' id='word_1_189' title='bbox 525 2661 567 2706; x_wconf 86' lang='lat' dir='ltr'><strong>est</strong></span> <span class='ocrx_word' id='word_1_190' title='bbox 576 2651 673 2725; x_wconf 82' lang='lat' dir='ltr'><strong>appele&#39;</strong></span> <span class='ocrx_word' id='word_1_191' title='bbox 682 2653 753 2705; x_wconf 85' lang='lat' dir='ltr'><strong>aussi</strong></span> <span class='ocrx_word' id='word_1_192' title='bbox 764 2652 937 2726; x_wconf 78' lang='lat' dir='ltr'><strong>queiquesoir</strong></span> <span class='ocrx_word' id='word_1_193' title='bbox 950 2652 1078 2709; x_wconf 86' lang='lat' dir='ltr'><strong>Osberne</strong></span> <span class='ocrx_word' id='word_1_194' title='bbox 1087 2652 1124 2710; x_wconf 88' lang='lat' dir='ltr'><strong>de</strong></span> <span class='ocrx_word' id='word_1_195' title='bbox 1133 2654 1254 2728; x_wconf 73' lang='lat' dir='ltr'><strong>crepon,</strong></span> 
     </span>
     <span class='ocr_line' id='line_1_23' title="bbox 188 2742 1256 2818; baseline 0.001 -21"><span class='ocrx_word' id='word_1_196' title='bbox 188 2742 228 2797; x_wconf 90' lang='lat' dir='ltr'><strong>du</strong></span> <span class='ocrx_word' id='word_1_197' title='bbox 237 2761 303 2798; x_wconf 90' lang='lat' dir='ltr'><strong>nom</strong></span> <span class='ocrx_word' id='word_1_198' title='bbox 316 2742 400 2797; x_wconf 87' lang='lat' dir='ltr'><strong>d&#39;nne</strong></span> <span class='ocrx_word' id='word_1_199' title='bbox 411 2752 485 2797; x_wconf 86' lang='lat' dir='ltr'><strong>terre</strong></span> <span class='ocrx_word' id='word_1_200' title='bbox 496 2742 599 2797; x_wconf 78' lang='lat' dir='ltr'><strong>voisine</strong></span> <span class='ocrx_word' id='word_1_201' title='bbox 613 2742 648 2797; x_wconf 90' lang='lat' dir='ltr'><strong>de</strong></span> <span class='ocrx_word' id='word_1_202' title='bbox 660 2743 780 2814; x_wconf 83' lang='lat' dir='ltr'><strong>Bayeux.</strong></span> <span class='ocrx_word' id='word_1_203' title='bbox 793 2744 833 2798; x_wconf 90' lang='lat' dir='ltr'><strong>Ce</strong></span> <span class='ocrx_word' id='word_1_204' title='bbox 842 2759 1014 2817; x_wconf 82' lang='lat' dir='ltr'><strong>personnage</strong></span> <span class='ocrx_word' id='word_1_205' title='bbox 1027 2745 1096 2800; x_wconf 71' lang='lat' dir='ltr'><strong>dreit</strong></span> <span class='ocrx_word' id='word_1_206' title='bbox 1107 2744 1256 2818; x_wconf 73' lang='lat' dir='ltr'><strong>egalement</strong></span> 
     </span>
     <span class='ocr_line' id='line_1_24' title="bbox 189 2832 1257 2908; baseline -0.001 -15"><span class='ocrx_word' id='word_1_207' title='bbox 189 2837 268 2893; x_wconf 86' lang='lat' dir='ltr'><strong>oncle</strong></span> <span class='ocrx_word' id='word_1_208' title='bbox 278 2839 294 2891; x_wconf 69' lang='lat' dir='ltr'><strong>a</strong></span> <span class='ocrx_word' id='word_1_209' title='bbox 303 2834 329 2890; x_wconf 89' lang='lat' dir='ltr'><strong>la</strong></span> <span class='ocrx_word' id='word_1_210' title='bbox 343 2834 425 2889; x_wconf 86' lang='lat' dir='ltr'><strong>mode</strong></span> <span class='ocrx_word' id='word_1_211' title='bbox 437 2834 472 2888; x_wconf 89' lang='lat' dir='ltr'><strong>de</strong></span> <span class='ocrx_word' id='word_1_212' title='bbox 485 2834 621 2906; x_wconf 77' lang='lat' dir='ltr'><strong>Bretagne</strong></span> <span class='ocrx_word' id='word_1_213' title='bbox 632 2833 671 2888; x_wconf 92' lang='lat' dir='ltr'><strong>du</strong></span> <span class='ocrx_word' id='word_1_214' title='bbox 678 2833 764 2905; x_wconf 86' lang='lat' dir='ltr'><strong>jeune</strong></span> <span class='ocrx_word' id='word_1_215' title='bbox 774 2832 829 2888; x_wconf 89' lang='lat' dir='ltr'><strong>duc</strong></span> <span class='ocrx_word' id='word_1_216' title='bbox 839 2853 888 2906; x_wconf 83' lang='lat' dir='ltr'><strong>par</strong></span> <span class='ocrx_word' id='word_1_217' title='bbox 900 2852 949 2889; x_wconf 85' lang='lat' dir='ltr'><strong>son</strong></span> <span class='ocrx_word' id='word_1_218' title='bbox 960 2835 1026 2908; x_wconf 65' lang='lat' dir='ltr'><strong>pere</strong></span> <span class='ocrx_word' id='word_1_219' title='bbox 1038 2836 1179 2907; x_wconf 66' lang='lat' dir='ltr'><strong>Herium,</strong></span> <span class='ocrx_word' id='word_1_220' title='bbox 1191 2837 1257 2892; x_wconf 71' lang='lat' dir='ltr'><strong>frere</strong></span> 
     </span>
     <span class='ocr_line' id='line_1_25' title="bbox 189 2920 1258 2996; baseline 0.001 -17"><span class='ocrx_word' id='word_1_221' title='bbox 189 2923 263 2980; x_wconf 86' lang='lat' dir='ltr'><strong>dela</strong></span> <span class='ocrx_word' id='word_1_222' title='bbox 279 2923 414 2978; x_wconf 83' lang='lat' dir='ltr'><strong>duchesse</strong></span> <span class='ocrx_word' id='word_1_223' title='bbox 427 2923 555 2979; x_wconf 88' lang='lat' dir='ltr'><strong>Gonnor.</strong></span> <span class='ocrx_word' id='word_1_224' title='bbox 571 2920 732 2977; x_wconf 86' lang='lat' dir='ltr'><strong>Guillaume</strong></span> <span class='ocrx_word' id='word_1_225' title='bbox 746 2921 781 2975; x_wconf 94' lang='lat' dir='ltr'><strong>de</strong></span> <span class='ocrx_word' id='word_1_226' title='bbox 799 2922 941 2994; x_wconf 71' lang='lat' dir='ltr'><strong>Jnmieges</strong></span> <span class='ocrx_word' id='word_1_227' title='bbox 957 2921 1082 2996; x_wconf 82' lang='lat' dir='ltr'><strong>l’appelle</strong></span> <span class='ocrx_word' id='word_1_228' title='bbox 1097 2933 1258 2996; x_wconf 69' lang='lat' dir='ltr'><strong>procurator</strong></span> 
     </span>
     <span class='ocr_line' id='line_1_26' title="bbox 187 3010 1259 3089; baseline 0 -21"><span class='ocrx_word' id='word_1_229' title='bbox 187 3015 353 3087; x_wconf 79' lang='lat' dir='ltr'><strong>principalis</strong></span> <span class='ocrx_word' id='word_1_230' title='bbox 366 3012 478 3081; x_wconf 84' lang='lat' dir='ltr'><strong>domus,</strong></span> <span class='ocrx_word' id='word_1_231' title='bbox 493 3031 524 3068; x_wconf 90' lang='lat' dir='ltr'><strong>ce</strong></span> <span class='ocrx_word' id='word_1_232' title='bbox 541 3013 590 3086; x_wconf 89' lang='lat' dir='ltr'><strong>qui</strong></span> <span class='ocrx_word' id='word_1_233' title='bbox 607 3031 643 3067; x_wconf 93' lang='lat' dir='ltr'><strong>ne</strong></span> <span class='ocrx_word' id='word_1_234' title='bbox 658 3010 811 3084; x_wconf 90' lang='lat' dir='ltr'><strong>comprend</strong></span> <span class='ocrx_word' id='word_1_235' title='bbox 827 3031 882 3086; x_wconf 92' lang='lat' dir='ltr'><strong>que</strong></span> <span class='ocrx_word' id='word_1_236' title='bbox 899 3014 924 3066; x_wconf 78' lang='lat' dir='ltr'><strong>ia</strong></span> <span class='ocrx_word' id='word_1_237' title='bbox 939 3013 1051 3086; x_wconf 86' lang='lat' dir='ltr'><strong>portion</strong></span> <span class='ocrx_word' id='word_1_238' title='bbox 1069 3013 1109 3069; x_wconf 91' lang='lat' dir='ltr'><strong>du</strong></span> <span class='ocrx_word' id='word_1_239' title='bbox 1127 3014 1259 3089; x_wconf 70' lang='lat' dir='ltr'><strong>dapifera</strong></span> 
     </span>
     <span class='ocr_line' id='line_1_27' title="bbox 185 3101 1259 3182; baseline 0.003 -22"><span class='ocrx_word' id='word_1_240' title='bbox 185 3103 301 3160; x_wconf 82' lang='lat' dir='ltr'><strong>relative</strong></span> <span class='ocrx_word' id='word_1_241' title='bbox 309 3123 345 3160; x_wconf 91' lang='lat' dir='ltr'><strong>au</strong></span> <span class='ocrx_word' id='word_1_242' title='bbox 354 3104 456 3158; x_wconf 82' lang='lat' dir='ltr'><strong>service</strong></span> <span class='ocrx_word' id='word_1_243' title='bbox 469 3103 605 3157; x_wconf 73' lang='lat' dir='ltr'><strong>interieur</strong></span> <span class='ocrx_word' id='word_1_244' title='bbox 614 3101 654 3156; x_wconf 91' lang='lat' dir='ltr'><strong>du</strong></span> <span class='ocrx_word' id='word_1_245' title='bbox 667 3101 760 3175; x_wconf 81' lang='lat' dir='ltr'><strong>prinis.</strong></span> <span class='ocrx_word' id='word_1_246' title='bbox 772 3103 809 3156; x_wconf 88' lang='lat' dir='ltr'><strong>Le</strong></span> <span class='ocrx_word' id='word_1_247' title='bbox 819 3121 932 3158; x_wconf 83' lang='lat' dir='ltr'><strong>surnom</strong></span> <span class='ocrx_word' id='word_1_248' title='bbox 945 3103 980 3159; x_wconf 93' lang='lat' dir='ltr'><strong>de</strong></span> <span class='ocrx_word' id='word_1_249' title='bbox 992 3104 1150 3180; x_wconf 64' lang='lat' dir='ltr'><strong>Paulique,</strong></span> <span class='ocrx_word' id='word_1_250' title='bbox 1165 3108 1213 3182; x_wconf 89' lang='lat' dir='ltr'><strong>qni</strong></span> <span class='ocrx_word' id='word_1_251' title='bbox 1222 3105 1259 3162; x_wconf 84' lang='lat' dir='ltr'><strong>lui</strong></span> 
     </span>
     <span class='ocr_line' id='line_1_28' title="bbox 190 3191 1260 3260; baseline -0.001 -10"><span class='ocrx_word' id='word_1_252' title='bbox 190 3205 232 3250; x_wconf 87' lang='lat' dir='ltr'><strong>est</strong></span> <span class='ocrx_word' id='word_1_253' title='bbox 246 3193 340 3249; x_wconf 78' lang='lat' dir='ltr'><strong>donne</strong></span> <span class='ocrx_word' id='word_1_254' title='bbox 351 3193 419 3248; x_wconf 89' lang='lat' dir='ltr'><strong>dans</strong></span> <span class='ocrx_word' id='word_1_255' title='bbox 430 3211 486 3246; x_wconf 92' lang='lat' dir='ltr'><strong>une</strong></span> <span class='ocrx_word' id='word_1_256' title='bbox 499 3193 594 3246; x_wconf 75' lang='lat' dir='ltr'><strong>charte</strong></span> <span class='ocrx_word' id='word_1_257' title='bbox 606 3191 641 3246; x_wconf 93' lang='lat' dir='ltr'><strong>de</strong></span> <span class='ocrx_word' id='word_1_258' title='bbox 653 3191 679 3246; x_wconf 86' lang='lat' dir='ltr'><strong>la</strong></span> <span class='ocrx_word' id='word_1_259' title='bbox 693 3193 804 3246; x_wconf 72' lang='lat' dir='ltr'><strong>Trinite</strong></span> <span class='ocrx_word' id='word_1_260' title='bbox 817 3191 855 3246; x_wconf 93' lang='lat' dir='ltr'><strong>du</strong></span> <span class='ocrx_word' id='word_1_261' title='bbox 870 3194 966 3260; x_wconf 83' lang='lat' dir='ltr'><strong>Mont‚</strong></span> <span class='ocrx_word' id='word_1_262' title='bbox 979 3211 1050 3248; x_wconf 82' lang='lat' dir='ltr'><strong>nous</strong></span> <span class='ocrx_word' id='word_1_263' title='bbox 1060 3197 1186 3251; x_wconf 80' lang='lat' dir='ltr'><strong>autoriae</strong></span> <span class='ocrx_word' id='word_1_264' title='bbox 1196 3198 1211 3251; x_wconf 72' lang='lat' dir='ltr'><strong>d</strong></span> <span class='ocrx_word' id='word_1_265' title='bbox 1223 3194 1260 3250; x_wconf 85' lang='lat' dir='ltr'><strong>lui</strong></span> 
     </span>
     <span class='ocr_line' id='line_1_29' title="bbox 190 3280 1261 3358; baseline 0.001 -20"><span class='ocrx_word' id='word_1_266' title='bbox 190 3283 328 3339; x_wconf 84' lang='lat' dir='ltr'><strong>attribuer</strong></span> <span class='ocrx_word' id='word_1_267' title='bbox 337 3282 385 3338; x_wconf 84' lang='lat' dir='ltr'><strong>des</strong></span> <span class='ocrx_word' id='word_1_268' title='bbox 398 3298 501 3336; x_wconf 86' lang='lat' dir='ltr'><strong>rnoeurs</strong></span> <span class='ocrx_word' id='word_1_269' title='bbox 514 3281 576 3354; x_wconf 81' lang='lat' dir='ltr'><strong>pins</strong></span> <span class='ocrx_word' id='word_1_270' title='bbox 589 3281 692 3335; x_wconf 89' lang='lat' dir='ltr'><strong>douces</strong></span> <span class='ocrx_word' id='word_1_271' title='bbox 703 3299 759 3354; x_wconf 87' lang='lat' dir='ltr'><strong>que</strong></span> <span class='ocrx_word' id='word_1_272' title='bbox 770 3281 851 3337; x_wconf 83' lang='lat' dir='ltr'><strong>celles</strong></span> <span class='ocrx_word' id='word_1_273' title='bbox 865 3280 900 3336; x_wconf 90' lang='lat' dir='ltr'><strong>de</strong></span> <span class='ocrx_word' id='word_1_274' title='bbox 913 3300 953 3336; x_wconf 84' lang='lat' dir='ltr'><strong>ses</strong></span> <span class='ocrx_word' id='word_1_275' title='bbox 967 3282 1071 3338; x_wconf 84' lang='lat' dir='ltr'><strong>se&#39;roces</strong></span> <span class='ocrx_word' id='word_1_276' title='bbox 1087 3294 1117 3339; x_wconf 91' lang='lat' dir='ltr'><strong>et</strong></span> <span class='ocrx_word' id='word_1_277' title='bbox 1129 3282 1261 3358; x_wconf 74' lang='lat' dir='ltr'><strong>deloym</strong></span> 
     </span>
     <span class='ocr_line' id='line_1_30' title="bbox 191 3370 1262 3447; baseline -0.001 -17"><span class='ocrx_word' id='word_1_278' title='bbox 191 3374 426 3447; x_wconf 82' lang='lat' dir='ltr'><strong>contemporains.</strong></span> <span class='ocrx_word' id='word_1_279' title='bbox 440 3372 463 3426; x_wconf 88' lang='lat' dir='ltr'><strong>Il</strong></span> <span class='ocrx_word' id='word_1_280' title='bbox 477 3372 519 3426; x_wconf 91' lang='lat' dir='ltr'><strong>fut</strong></span> <span class='ocrx_word' id='word_1_281' title='bbox 532 3372 664 3426; x_wconf 77' lang='lat' dir='ltr'><strong>assassine</strong></span> <span class='ocrx_word' id='word_1_282' title='bbox 676 3390 712 3426; x_wconf 82' lang='lat' dir='ltr'><strong>au</strong></span> <span class='ocrx_word' id='word_1_283' title='bbox 724 3370 893 3439; x_wconf 79' lang='lat' dir='ltr'><strong>Vaudreuil,</strong></span> <span class='ocrx_word' id='word_1_284' title='bbox 910 3372 978 3426; x_wconf 87' lang='lat' dir='ltr'><strong>dans</strong></span> <span class='ocrx_word' id='word_1_285' title='bbox 990 3372 1016 3427; x_wconf 79' lang='lat' dir='ltr'><strong>la</strong></span> <span class='ocrx_word' id='word_1_286' title='bbox 1027 3373 1162 3429; x_wconf 78' lang='lat' dir='ltr'><strong>chambre</strong></span> <span class='ocrx_word' id='word_1_287' title='bbox 1176 3373 1262 3429; x_wconf 69' lang='lat' dir='ltr'><strong>meme</strong></span> 
     </span>
     <span class='ocr_line' id='line_1_31' title="bbox 190 3461 1263 3538; baseline -0.001 -17"><span class='ocrx_word' id='word_1_288' title='bbox 190 3476 220 3522; x_wconf 82' lang='lat' dir='ltr'><strong>et</strong></span> <span class='ocrx_word' id='word_1_289' title='bbox 232 3483 295 3521; x_wconf 84' lang='lat' dir='ltr'><strong>sous</strong></span> <span class='ocrx_word' id='word_1_290' title='bbox 307 3465 346 3520; x_wconf 88' lang='lat' dir='ltr'><strong>les</strong></span> <span class='ocrx_word' id='word_1_291' title='bbox 358 3483 429 3538; x_wconf 78' lang='lat' dir='ltr'><strong>yeux</strong></span> <span class='ocrx_word' id='word_1_292' title='bbox 440 3463 479 3519; x_wconf 89' lang='lat' dir='ltr'><strong>du</strong></span> <span class='ocrx_word' id='word_1_293' title='bbox 492 3462 561 3530; x_wconf 91' lang='lat' dir='ltr'><strong>duc,</strong></span> <span class='ocrx_word' id='word_1_294' title='bbox 577 3482 627 3537; x_wconf 84' lang='lat' dir='ltr'><strong>par</strong></span> <span class='ocrx_word' id='word_1_295' title='bbox 638 3461 800 3518; x_wconf 83' lang='lat' dir='ltr'><strong>Guillaumr</strong></span> <span class='ocrx_word' id='word_1_296' title='bbox 813 3462 848 3517; x_wconf 90' lang='lat' dir='ltr'><strong>de</strong></span> <span class='ocrx_word' id='word_1_297' title='bbox 860 3464 1088 3537; x_wconf 83' lang='lat' dir='ltr'><strong>Montgommeri.</strong></span> <span class='ocrx_word' id='word_1_298' title='bbox 1098 3464 1158 3520; x_wconf 85' lang='lat' dir='ltr'><strong>Son</strong></span> <span class='ocrx_word' id='word_1_299' title='bbox 1171 3462 1263 3532; x_wconf 79' lang='lat' dir='ltr'><strong>fils‚le</strong></span> 
     </span>
     <span class='ocr_line' id='line_1_32' title="bbox 191 3550 1263 3624; baseline -0.001 -15"><span class='ocrx_word' id='word_1_300' title='bbox 191 3554 301 3609; x_wconf 81' lang='lat' dir='ltr'><strong>fameux</strong></span> <span class='ocrx_word' id='word_1_301' title='bbox 314 3552 474 3608; x_wconf 84' lang='lat' dir='ltr'><strong>Guillaume</strong></span> <span class='ocrx_word' id='word_1_302' title='bbox 487 3551 704 3618; x_wconf 82' lang='lat' dir='ltr'><strong>Fitz-Osberne,</strong></span> <span class='ocrx_word' id='word_1_303' title='bbox 717 3551 846 3624; x_wconf 78' lang='lat' dir='ltr'><strong>seigneur</strong></span> <span class='ocrx_word' id='word_1_304' title='bbox 856 3550 891 3606; x_wconf 93' lang='lat' dir='ltr'><strong>de</strong></span> <span class='ocrx_word' id='word_1_305' title='bbox 907 3550 1042 3620; x_wconf 79' lang='lat' dir='ltr'><strong>Breteuil,</strong></span> <span class='ocrx_word' id='word_1_306' title='bbox 1060 3551 1155 3607; x_wconf 76' lang='lat' dir='ltr'><strong>herita</strong></span> <span class='ocrx_word' id='word_1_307' title='bbox 1169 3551 1205 3609; x_wconf 90' lang='lat' dir='ltr'><strong>de</strong></span> <span class='ocrx_word' id='word_1_308' title='bbox 1216 3570 1263 3608; x_wconf 74' lang='lat' dir='ltr'><strong>aon</strong></span> 
     </span>
     <span class='ocr_line' id='line_1_33' title="bbox 192 3640 1264 3718; baseline -0.002 -18"><span class='ocrx_word' id='word_1_309' title='bbox 192 3645 260 3700; x_wconf 78' lang='lat' dir='ltr'><strong>titre</strong></span> <span class='ocrx_word' id='word_1_310' title='bbox 272 3643 307 3698; x_wconf 92' lang='lat' dir='ltr'><strong>de</strong></span> <span class='ocrx_word' id='word_1_311' title='bbox 319 3643 426 3718; x_wconf 83' lang='lat' dir='ltr'><strong>dapifer</strong></span> <span class='ocrx_word' id='word_1_312' title='bbox 438 3662 475 3699; x_wconf 91' lang='lat' dir='ltr'><strong>ou</strong></span> <span class='ocrx_word' id='word_1_313' title='bbox 486 3642 628 3711; x_wconf 79' lang='lat' dir='ltr'><strong>sene&#39;chal,</strong></span> <span class='ocrx_word' id='word_1_314' title='bbox 644 3643 715 3697; x_wconf 86' lang='lat' dir='ltr'><strong>aussi</strong></span> <span class='ocrx_word' id='word_1_315' title='bbox 730 3640 794 3696; x_wconf 89' lang='lat' dir='ltr'><strong>bien</strong></span> <span class='ocrx_word' id='word_1_316' title='bbox 808 3661 863 3716; x_wconf 93' lang='lat' dir='ltr'><strong>que</strong></span> <span class='ocrx_word' id='word_1_317' title='bbox 873 3642 908 3697; x_wconf 88' lang='lat' dir='ltr'><strong>de</strong></span> <span class='ocrx_word' id='word_1_318' title='bbox 922 3660 965 3698; x_wconf 83' lang='lat' dir='ltr'><strong>ses</strong></span> <span class='ocrx_word' id='word_1_319' title='bbox 977 3652 1068 3698; x_wconf 81' lang='lat' dir='ltr'><strong>vastes</strong></span> <span class='ocrx_word' id='word_1_320' title='bbox 1077 3641 1223 3699; x_wconf 79' lang='lat' dir='ltr'><strong>domaines</strong></span> <span class='ocrx_word' id='word_1_321' title='bbox 1231 3640 1264 3698; x_wconf 81' lang='lat' dir='ltr'><strong>de</strong></span> 
     </span>
     <span class='ocr_line' id='line_1_34' title="bbox 191 3721 338 3789; baseline -0.007 -1"><span class='ocrx_word' id='word_1_322' title='bbox 191 3721 338 3789; x_wconf 78' lang='lat' dir='ltr'><strong>i’Evrecin.</strong></span> 
     </span>
    </p>

    <p class='ocr_par' dir='ltr' id='par_1_8' title="bbox 178 3819 1266 4346">
     <span class='ocr_line' id='line_1_35' title="bbox 229 3819 1266 3896; baseline -0.001 -17"><span class='ocrx_word' id='word_1_323' title='bbox 229 3821 389 3896; x_wconf 83' lang='lat' dir='ltr'><strong>Vauquelin</strong></span> <span class='ocrx_word' id='word_1_324' title='bbox 403 3821 439 3877; x_wconf 87' lang='lat' dir='ltr'><strong>de</strong></span> <span class='ocrx_word' id='word_1_325' title='bbox 455 3821 609 3888; x_wconf 62' lang='lat' dir='ltr'><strong>Parietes,</strong></span> <span class='ocrx_word' id='word_1_326' title='bbox 625 3820 755 3892; x_wconf 80' lang='lat' dir='ltr'><strong>seigneur</strong></span> <span class='ocrx_word' id='word_1_327' title='bbox 766 3819 802 3875; x_wconf 92' lang='lat' dir='ltr'><strong>de</strong></span> <span class='ocrx_word' id='word_1_328' title='bbox 816 3820 1190 3891; x_wconf 68' lang='lat' dir='ltr'><strong>Frenetes-Saint-Hilaire,</strong></span> <span class='ocrx_word' id='word_1_329' title='bbox 1204 3822 1266 3896; x_wconf 67' lang='lat' dir='ltr'><strong>pret</strong></span> 
     </span>
     <span class='ocr_line' id='line_1_36' title="bbox 193 3907 1266 3983; baseline 0 -16"><span class='ocrx_word' id='word_1_330' title='bbox 193 3911 308 3977; x_wconf 81' lang='lat' dir='ltr'><strong>Bernai‚</strong></span> <span class='ocrx_word' id='word_1_331' title='bbox 319 3910 363 3965; x_wconf 85' lang='lat' dir='ltr'><strong>sut</strong></span> <span class='ocrx_word' id='word_1_332' title='bbox 373 3909 399 3965; x_wconf 83' lang='lat' dir='ltr'><strong>la</strong></span> <span class='ocrx_word' id='word_1_333' title='bbox 408 3911 466 3983; x_wconf 68' lang='lat' dir='ltr'><strong>[ige</strong></span> <span class='ocrx_word' id='word_1_334' title='bbox 475 3909 523 3964; x_wconf 88' lang='lat' dir='ltr'><strong>des</strong></span> <span class='ocrx_word' id='word_1_335' title='bbox 532 3910 634 3964; x_wconf 79' lang='lat' dir='ltr'><strong>barone</strong></span> <span class='ocrx_word' id='word_1_336' title='bbox 643 3907 678 3963; x_wconf 89' lang='lat' dir='ltr'><strong>de</strong></span> <span class='ocrx_word' id='word_1_337' title='bbox 691 3909 846 3977; x_wconf 64' lang='lat' dir='ltr'><strong>Ferrieres,</strong></span> <span class='ocrx_word' id='word_1_338' title='bbox 859 3910 881 3963; x_wconf 90' lang='lat' dir='ltr'><strong>si</strong></span> <span class='ocrx_word' id='word_1_339' title='bbox 890 3928 996 3964; x_wconf 88' lang='lat' dir='ltr'><strong>connus</strong></span> <span class='ocrx_word' id='word_1_340' title='bbox 1009 3929 1045 3965; x_wconf 90' lang='lat' dir='ltr'><strong>en</strong></span> <span class='ocrx_word' id='word_1_341' title='bbox 1054 3910 1228 3967; x_wconf 85' lang='lat' dir='ltr'><strong>Norrnandie</strong></span> <span class='ocrx_word' id='word_1_342' title='bbox 1239 3920 1266 3967; x_wconf 77' lang='lat' dir='ltr'><strong>et</strong></span> 
     </span>
     <span class='ocr_line' id='line_1_37' title="bbox 193 3998 1265 4075; baseline -0.001 -17"><span class='ocrx_word' id='word_1_343' title='bbox 193 4020 229 4058; x_wconf 89' lang='lat' dir='ltr'><strong>en</strong></span> <span class='ocrx_word' id='word_1_344' title='bbox 241 3999 413 4073; x_wconf 81' lang='lat' dir='ltr'><strong>Angleterre.</strong></span> <span class='ocrx_word' id='word_1_345' title='bbox 429 4000 478 4056; x_wconf 87' lang='lat' dir='ltr'><strong>Ses</strong></span> <span class='ocrx_word' id='word_1_346' title='bbox 490 3998 673 4054; x_wconf 83' lang='lat' dir='ltr'><strong>descendants</strong></span> <span class='ocrx_word' id='word_1_347' title='bbox 688 4001 847 4072; x_wconf 78' lang='lat' dir='ltr'><strong>prenaient,</strong></span> <span class='ocrx_word' id='word_1_348' title='bbox 863 4003 878 4054; x_wconf 70' lang='grc' dir='ltr'>ὲ</span> <span class='ocrx_word' id='word_1_349' title='bbox 893 4019 973 4056; x_wconf 84' lang='lat' dir='ltr'><strong>cause</strong></span> <span class='ocrx_word' id='word_1_350' title='bbox 985 4001 1020 4056; x_wconf 89' lang='lat' dir='ltr'><strong>de</strong></span> <span class='ocrx_word' id='word_1_351' title='bbox 1034 4001 1229 4075; x_wconf 83' lang='lat' dir='ltr'><strong>l’importanee</strong></span> <span class='ocrx_word' id='word_1_352' title='bbox 1238 4011 1265 4057; x_wconf 78' lang='lat' dir='ltr'><strong>et</strong></span> 
     </span>
     <span class='ocr_line' id='line_1_38' title="bbox 193 4088 1265 4166; baseline -0.006 -18"><span class='ocrx_word' id='word_1_353' title='bbox 193 4092 228 4148; x_wconf 89' lang='lat' dir='ltr'><strong>de</strong></span> <span class='ocrx_word' id='word_1_354' title='bbox 239 4090 421 4146; x_wconf 75' lang='lat' dir='ltr'><strong>l’anciennete</strong></span> <span class='ocrx_word' id='word_1_355' title='bbox 434 4088 471 4145; x_wconf 93' lang='lat' dir='ltr'><strong>de</strong></span> <span class='ocrx_word' id='word_1_356' title='bbox 486 4089 548 4145; x_wconf 89' lang='lat' dir='ltr'><strong>leur</strong></span> <span class='ocrx_word' id='word_1_357' title='bbox 558 4091 636 4163; x_wconf 83' lang='lat' dir='ltr'><strong>forge</strong></span> <span class='ocrx_word' id='word_1_358' title='bbox 650 4089 685 4143; x_wconf 93' lang='lat' dir='ltr'><strong>de</strong></span> <span class='ocrx_word' id='word_1_359' title='bbox 694 4090 848 4158; x_wconf 73' lang='lat' dir='ltr'><strong>Ferrieres,</strong></span> <span class='ocrx_word' id='word_1_360' title='bbox 864 4088 890 4145; x_wconf 93' lang='lat' dir='ltr'><strong>le</strong></span> <span class='ocrx_word' id='word_1_361' title='bbox 904 4090 970 4145; x_wconf 82' lang='lat' dir='ltr'><strong>titre</strong></span> <span class='ocrx_word' id='word_1_362' title='bbox 983 4090 1118 4165; x_wconf 79' lang='lat' dir='ltr'><strong>singulier</strong></span> <span class='ocrx_word' id='word_1_363' title='bbox 1130 4090 1167 4147; x_wconf 89' lang='lat' dir='ltr'><strong>de</strong></span> <span class='ocrx_word' id='word_1_364' title='bbox 1179 4115 1193 4142; x_wconf 74' lang='grc' dir='ltr'>ι</span> <span class='ocrx_word' id='word_1_365' title='bbox 1203 4108 1265 4166; x_wconf 81' lang='lat' dir='ltr'><strong>pre·</strong></span> 
     </span>
     <span class='ocr_line' id='line_1_39' title="bbox 189 4178 812 4237; baseline 0.002 -5"><span class='ocrx_word' id='word_1_366' title='bbox 189 4203 208 4232; x_wconf 61' lang='lat' dir='ltr'><strong>e</strong></span> <span class='ocrx_word' id='word_1_367' title='bbox 219 4179 305 4237; x_wconf 82' lang='lat' dir='ltr'><strong>miers</strong></span> <span class='ocrx_word' id='word_1_368' title='bbox 316 4178 418 4235; x_wconf 75' lang='lat' dir='ltr'><strong>barone</strong></span> <span class='ocrx_word' id='word_1_369' title='bbox 431 4178 542 4235; x_wconf 79' lang='lat' dir='ltr'><strong>sossiers</strong></span> <span class='ocrx_word' id='word_1_370' title='bbox 555 4178 590 4234; x_wconf 91' lang='lat' dir='ltr'><strong>de</strong></span> <span class='ocrx_word' id='word_1_371' title='bbox 603 4178 785 4235; x_wconf 84' lang='lat' dir='ltr'><strong>Norrnandie.</strong></span> <span class='ocrx_word' id='word_1_372' title='bbox 799 4203 812 4232; x_wconf 73' lang='grc' dir='ltr'>ι</span> 
     </span>
     <span class='ocr_line' id='line_1_40' title="bbox 178 4266 1265 4346; baseline -0.006 -17"><span class='ocrx_word' id='word_1_373' title='bbox 178 4278 183 4285; x_wconf 93' lang='grc'><strong>“</strong></span> <span class='ocrx_word' id='word_1_374' title='bbox 224 4270 344 4346; x_wconf 74' lang='lat' dir='ltr'><strong>flagres</strong></span> <span class='ocrx_word' id='word_1_375' title='bbox 362 4268 398 4327; x_wconf 87' lang='lat' dir='ltr'><strong>de</strong></span> <span class='ocrx_word' id='word_1_376' title='bbox 417 4268 567 4339; x_wconf 78' lang='lat' dir='ltr'><strong>Mondort,</strong></span> <span class='ocrx_word' id='word_1_377' title='bbox 585 4271 747 4327; x_wconf 76' lang='lat' dir='ltr'><strong>surnomme</strong></span> <span class='ocrx_word' id='word_1_378' title='bbox 764 4271 779 4325; x_wconf 70' lang='lat' dir='ltr'><strong>a</strong></span> <span class='ocrx_word' id='word_1_379' title='bbox 796 4268 823 4324; x_wconf 86' lang='lat' dir='ltr'><strong>la</strong></span> <span class='ocrx_word' id='word_1_380' title='bbox 842 4268 943 4339; x_wconf 82' lang='lat' dir='ltr'><strong>Barbe,</strong></span> <span class='ocrx_word' id='word_1_381' title='bbox 963 4267 1005 4326; x_wconf 80' lang='lat' dir='ltr'><strong>fils</strong></span> <span class='ocrx_word' id='word_1_382' title='bbox 1022 4266 1058 4325; x_wconf 86' lang='lat' dir='ltr'><strong>de</strong></span> <span class='ocrx_word' id='word_1_383' title='bbox 1077 4269 1217 4326; x_wconf 77' lang='lat' dir='ltr'><strong>Tonsuin</strong></span> <span class='ocrx_word' id='word_1_384' title='bbox 1231 4267 1265 4323; x_wconf 89' lang='lat' dir='ltr'><strong>de</strong></span> 
     </span>
    </p>
   </div>
   <div class='ocr_carea' id='block_1_6' title="bbox 0 0 1466 4958">
    <p class='ocr_par' dir='ltr' id='par_1_9' title="bbox 0 0 1466 4958">
     <span class='ocr_line' id='line_1_41' title="bbox 0 0 1466 4958; baseline 0 0"><span class='ocrx_word' id='word_1_385' title='bbox 0 0 1466 4958; x_wconf 95' lang='lat' dir='ltr'><strong> </strong></span> 
     </span>
    </p>
   </div>
  </div>
 </body>
</html>
