2894 4958
188 457 249 521 372
461 456 648 520 utstontt
667 455 973 520 tcctsssusttct.

187 575 333 679 roganti
359 575 546 677 quomodo
570 575 738 677 magister
759 598 888 652 corum
909 591 1121 669 vocaretur,
1149 578 1251 655 dixe-

187 707 308 765 runt:
334 690 549 766 Herennius
556 747 571 783 ,
598 694 689 793 quia
710 694 835 767 mam
852 718 996 796 sernper
1011 693 1198 786 desiderat
1220 711 1252 769 et

188 835 271 884 eum
298 808 356 881 ira
379 824 414 882 et
438 809 693 910 indignatione
709 826 924 912 permonet..
937 811 1103 914 Denique
1122 811 1251 914 depre-

132 966 142 1006 .·
188 923 353 1001 cantibus
375 925 446 999 illis
466 953 513 1001 ne
531 926 647 1002 latino
666 952 832 1003 sermone
848 953 932 1001 cum
947 929 998 1005 eis
1013 929 1109 1003 nitra
1127 929 1250 1032 loque·

187 1060 305 1135 retur,
320 1070 388 1119 nec
404 1044 485 1119 illos
499 1045 538 1119 in
553 1042 722 1146 abyssum
733 1046 790 1120 vel
804 1047 843 1119 in
855 1071 955 1121 mare
968 1046 1152 1121 Oceanum
1167 1048 1250 1121 mit·

187 1176 299 1251 teret,
318 1157 483 1235 hebraice
496 1161 671 1261 praecepit
691 1175 733 1233 ut
749 1161 788 1234 in
803 1160 985 1237 desertum
997 1161 1121 1236 locum
1134 1162 1249 1254 irent,

186 1303 255 1353 nec
276 1276 388 1348 ullam
410 1301 523 1377 usque
541 1276 580 1349 in
596 1275 693 1350 diem
704 1277 831 1376 judicii
847 1292 1044 1353 creaturum
1063 1277 1248 1353 iaederent.

186 1395 379 1470 Doemones
401 1392 524 1465 statim
545 1417 612 1493 per
633 1393 739 1468 inane
758 1393 920 1468 vetantes
942 1417 1130 1497 nunquam
1150 1420 1250 1470 com-

185 1524 399 1612 paruerunt.
426 1509 508 1582 Dux
532 1525 654 1584 autem
676 1524 713 1584 et
733 1537 844 1586 omne
859 1511 1005 1614 vulgus,
1031 1528 1251 1614 cunctumque

186 1628 364 1703 exercitus
396 1653 440 1701 ex
471 1626 618 1700 diversis
642 1627 840 1727 provinciis
868 1627 1043 1703 adunatus
1070 1645 1181 1730 atque
1210 1629 1250 1702 ad

186 1743 258 1821 hoc
270 1744 511 1845 spectaculum
524 1759 777 1845 congregatus,
791 1748 1022 1846 projecerunt
1037 1772 1074 1820 se
1090 1744 1136 1819 ad
1150 1745 1252 1846 pede

172 1862 303 1939 sancti
325 1861 514 1951 antistitis,
541 1886 611 1962 pro
629 1861 901 1938 resuscitatione
922 1863 1060 1937 mortui
1087 1879 1252 1963 rogantes

187 2009 273 2056 cum
288 1981 469 2082 lacrymis.
487 1982 565 2080 lpse
576 2004 684 2066 vero,
703 1994 760 2053 tot
773 1978 919 2054 fletibus
935 1994 1158 2070 commotus,
1177 2005 1252 2054 om·

185 2125 251 2174 nes
267 2098 404 2198 pariter
419 2096 618 2170 Dominum
632 2095 815 2195 deprecari
838 2095 1011 2197 praecepit
1020 2148 1033 2186 ,
1057 2110 1253 2196 tenensque

186 2242 336 2292 manum
351 2213 534 2303 defuncti,
552 2212 646 2286 dixit
664 2242 673 2285 ε
695 2211 928 2305 Hildeberte,
953 2215 993 2286 in
1011 2213 1160 2288 nontine
1175 2213 1253 2286 Do-

188 2333 282 2410 mini
292 2332 410 2405 nostri
418 2329 451 2404 J
448 2356 513 2404 esu
527 2328 682 2420 Christi,
696 2356 817 2430 surge.
831 2328 903 2424 Qui
916 2329 1037 2403 statim
1051 2331 1253 2404 surrexitet

188 2472 280 2523 xxvt
302 2446 406 2521 annis
430 2460 552 2545 postea
573 2444 738 2546 religiose
758 2445 863 2520 vixit.
886 2445 1035 2520 Cunctis
1057 2446 1253 2521 Dominum

123 2613 128 2629 ι
188 2560 496 2670 glorificantibus,
516 2563 579 2663 qui
605 2577 680 2635 tam
705 2563 905 2665 gloriosum
924 2565 1142 2639 miraculum
1161 2564 1254 2639 vide·

188 2700 273 2760 rant
280 2736 292 2773 ,
305 2697 448 2756 sanctus
462 2680 636 2755 Martialis
647 2679 898 2757 Hildebertum
909 2684 1070 2773 vocavit,
1088 2698 1125 2758 et
1137 2681 1184 2757 ab
1199 2707 1252 2772 eo,

189 2800 234 2877 de
250 2798 305 2873 his
322 2823 404 2901 quae
415 2799 491 2897 jam
503 2797 675 2871 exanimis
688 2796 843 2887 viderat,
858 2823 927 2897 pro
939 2797 1180 2873 aedifioutione
1192 2825 1253 2872 an-

190 2916 368 2997 dientitun
383 2912 582 3014 inquisivit.
595 2911 811 3004 Cunctante‚
824 2913 928 3013 plura
940 2913 999 2988 ille
1011 2914 1201 3014 narravit(
1224 2914 1251 3012 ).

243 3036 336 3107 Cum
337 3032 531 3131 fatigatus
534 3085 550 3121 ,
565 3030 706 3131 inquit,
721 3027 854 3103 ardore
868 3029 959 3105 solis
966 3086 980 3121 ,
998 3057 1025 3104 a
1037 3029 1174 3104 sudore
1185 3055 1255 3104 cor

184 3180 259 3258 pus
284 3177 404 3225 meum
428 3149 632 3240 abluerem,
659 3150 831 3222 continuo
856 3147 1038 3222 &aiones
1057 3148 1256 3246 infoveom

185 3267 464 3372 praecipitantes
486 3290 544 3337 me
566 3263 844 3363 suffitcauerunt.
867 3262 1031 3365 ‘Cumque
1051 3264 1171 3364 igneis
1192 3289 1254 3337 cu·

192 3388 283 3461 tenis
300 3410 358 3459 me
374 3383 619 3482 constringere
628 3380 848 3471 uoluissent,
863 3382 1031 3482 protinus
1046 3396 1175 3454 astans
1188 3406 1256 3453 uu-

190 3503 296 3605 gelus
312 3500 468 3607 Domini
477 3499 525 3573 de
539 3496 709 3573 manibus
721 3524 847 3573 eorum
862 3498 1043 3573 abstruxit
1055 3506 1136 3572 me.'
1147 3497 1258 3570 Cum·

194 3644 265 3719 que
293 3616 348 3690 ad
374 3616 546 3689 orientem
573 3639 730 3716 pergere
765 3615 1018 3714 coept'ssemus,
1050 3612 1128 3686 duc
1157 3611 1259 3687 cunei

196 3736 405 3808 daemonum
427 3747 556 3807 contra
575 3757 642 3806 nos
661 3730 874 3821 ueniebant,
894 3747 928 3805 et
954 3731 1082 3832 igneas
1105 3731 1258 3831 sagittus

230 4049 269 4118 (1)
287 4047 367 4101 Cctte
382 4045 482 4117 phrase
500 4055 581 4118 ayant
599 4046 643 4100 cte'
656 4045 764 4118 ajouter
780 4065 815 4102 en
836 4063 944 4120 margo,
958 4062 1014 4100 une
1027 4044 1116 4118 partie
1134 4063 1170 4100 en
1187 4063 1203 4098 a
1219 4043 1260 4097 tte

196 4137 307 4192 enlevce
318 4135 458 4208 lomqu'on
471 4136 583 4206 arogno
591 4134 618 4190 le
626 4135 734 4193 volume
747 4154 818 4210 pour
829 4134 1043 4193 temnentem
1051 4151 1172 4208 penum
1180 4131 1260 4207 qn’ou

197 4228 258 4285 doit
270 4226 341 4284 lire:
360 4226 419 4298 Quo
431 4233 639 4296 percunctante.
