2894 4958
200 413 260 473 262
474 413 659 473 HISTORIA
681 413 985 477 uectusltst'lcl.

196 531 327 603 Paulus
348 529 453 603 illum
475 530 689 630 gaudentem
706 558 790 606 cum
815 536 973 623 caeteris,
995 534 1059 636 qui
1085 562 1132 610 ex
1155 537 1269 615 domo

197 650 345 722 Caesaris
363 666 485 738 erant,
505 650 654 724 dimisit.
966 670 969 676 ·

243 767 407 866 Cumque
422 765 520 840 Nero
538 767 744 841 Patroclum
761 769 1034 859 lamentaretur,
1054 785 1092 845 et
1108 770 1266 846 immen-

195 884 298 957 sitate
323 885 480 956 tristitiae
503 883 769 974 absorberetur,
792 885 929 959 audivit
946 886 992 959 ab
1017 885 1264 961 assistentibus

194 998 261 1071 sibi
279 1000 485 1074 Patroclum
496 1003 635 1094 vivere,
654 1018 690 1076 et
702 1029 770 1102 pro
782 1002 924 1076 foribus
940 991 1071 1079 adesse.
1086 1005 1196 1099 Quod
1207 1032 1264 1080 au·

192 1115 294 1190 diens
306 1118 439 1207 Caesar,
454 1121 596 1219 expavit
610 1117 736 1212 corde,
750 1135 786 1193 et
799 1120 985 1194 recusabat
996 1148 1080 1196 eum
1093 1123 1262 1213 introitu,

192 1260 329 1334 suoque
349 1236 507 1334 aspectui
533 1251 660 1309 astare.
682 1236 842 1311 Tandem
867 1239 1098 1337 persuasione
1123 1240 1265 1314 amieo-

191 1376 274 1422 rum
292 1349 431 1448 ingredi
448 1352 629 1450 permisit,
647 1368 684 1425 et
700 1351 824 1426 ridens
841 1378 924 1426 eum
937 1370 1164 1454 vegetatum,
1184 1354 1265 1428 nul·

191 1467 296 1565 laque
312 1468 411 1566 signa
433 1469 563 1541 mortis
587 1467 799 1559 habentem,
824 1471 1030 1571 obstupuit,
1058 1487 1095 1545 et
1120 1472 1262 1546 locutus

193 1610 276 1655 cum
290 1585 372 1673 illo,
389 1583 625 1659 christianum
639 1613 724 1660 eum
739 1613 813 1660 esse
830 1589 1014 1687 cognovit.
1031 1587 1138 1663 Unde
1155 1589 1263 1662 nimis

192 1700 324 1791 iratus,
339 1702 476 1801 alapam
490 1704 521 1776 ei
540 1702 639 1777 dedit
648 1733 659 1792 3
679 1704 830 1804 ideoque
847 1705 958 1803 magis
975 1704 1035 1778 ille
1048 1706 1088 1794 in
1102 1705 1259 1780 Domino

190 1818 273 1891 Jesu
287 1819 473 1892 exultavit.
490 1823 595 1893 Tunc
611 1820 790 1894 Barnabas
807 1839 844 1896 et
858 1823 980 1894 Justus
989 1877 1000 1912 ,
1015 1822 1151 1895 Paulus
1160 1823 1260 1898 miles

190 1949 227 2009 et
249 1935 364 2011 Arion
386 1937 616 2038 Cappadocus
638 1954 676 2010 et
691 1939 815 2011 Festus
832 1937 974 2026 Galata,
994 1938 1154 2010 ministri
1179 1941 1258 2011 Ce-

188 2052 274 2124 saris
299 2068 336 2126 et
352 2054 479 2142 amici,
497 2053 670 2127 dixerunt
694 2056 725 2127 ei
748 2082 757 2123 ε
785 2056 863 2128 Cur
879 2073 979 2128 recta
999 2058 1206 2157 sapientem
1225 2075 1258 2131 ot

188 2172 421 2244 veracissime
446 2173 721 2273 respondentem
744 2177 908 2274 percutis
929 2175 1133 2275 juvenem?
1161 2175 1256 2249 Num

189 2305 222 2359 et
244 2314 311 2361 nos
335 2288 689 2363 militamusinvicto
715 2293 795 2390 regi
813 2292 904 2363 Jesu
930 2290 1075 2365 Cluisto
1097 2293 1256 2366 Domino

190 2422 326 2478 nostro.
359 2406 476 2476 Caesar
505 2421 648 2494 autem,
681 2424 764 2480 'oum
794 2405 947 2479 audisset
976 2431 1053 2481 uno
1084 2433 1194 2481 sensu
1222 2423 1255 2481 et

189 2545 354 2594 sermone
378 2519 458 2592 illos
482 2520 655 2592 invictum
678 2546 799 2620 regem
817 2522 938 2594 Jesurn
955 2519 1091 2610 dicere,
1110 2523 1255 2603 retrusit

190 2663 250 2711 eos
267 2638 304 2709 in
323 2662 522 2724 carcerem,
538 2652 580 2707 ut
597 2637 705 2709 nimis
719 2637 801 2709 illos
817 2652 1023 2737 torqueret,
1043 2663 1139 2738 quos
1150 2640 1253 2711 nimis

189 2774 272 2830 ante
284 2769 474 2829 amaverat.
490 2755 746 2828 Praedicatores
757 2781 904 2855 quoque
919 2756 1013 2828 illius
1027 2758 1154 2856 magni
1167 2759 1253 2856 regis

188 2897 416 2971 summopere
436 2871 573 2968 requiri
593 2872 719 2968 jussit,
743 2887 780 2943 et
804 2869 961 2944 edictum
984 2870 1097 2946 ferale
1119 2898 1252 2972 propo·

189 2992 277 3079 suit,
298 3005 340 3063 ut
356 2987 470 3061 sicubi
490 2990 755 3076 invenirentur,
775 2990 852 3061 sine
869 2988 1175 3087 interrogatione,
1193 3016 1253 3089 per

189 3120 369 3181 tormenta
391 3106 486 3176 varia
504 3103 736 3203 punirentur.
763 3103 899 3177 Fideles
920 3130 1006 3204 ergo
1022 3104 1140 3176 multa
1156 3131 1251 3177 scru-

188 3225 323 3299 tatione
341 3250 360 3294 a
381 3222 556 3293 ministris
570 3219 779 3320 reipublicae
797 3221 939 3320 quaesiti
956 3234 1041 3293 sunt
1062 3237 1101 3294 et
1118 3222 1249 3295 inventi

186 3339 461 3442 quamplurimi,
481 3352 588 3436 atque
605 3337 647 3408 ad
665 3338 893 3435 praesentiam
914 3337 1063 3408 Caesaris
1089 3337 1248 3436 perducti

185 3473 281 3530 sunt.
760 3458 764 3465 ’

236 3581 335 3650 lnter
355 3601 414 3648 eos
432 3574 560 3645 Paulus
578 3571 906 3645 consuetudinarias
927 3569 996 3641 sibi
1017 3595 1087 3668 pro
1105 3573 1248 3643 nomine

185 3694 316 3766 Christi
331 3708 469 3792 gestans
485 3705 647 3775 catenas,
663 3682 790 3759 ductus
805 3703 858 3761 est
869 3688 1024 3757 vinctus.
1042 3688 1168 3783 lpsum
1182 3712 1247 3761 om·

185 3840 247 3883 nes
258 3811 316 3882 alii
328 3810 426 3882 velut
438 3806 652 3880 didascalum
665 3803 916 3903 respiciebant,
927 3803 1133 3902 meritoque
1147 3829 1244 3905 quem

185 3930 361 4000 Dominus
375 3952 434 3997 aas
447 3924 632 3997 electionis
648 3937 833 3995 censuerat
846 3918 1096 4008 honorabant,
1113 3921 1244 4021 sibique

187 4046 221 4115 in
244 4039 413 4116 omnibus
429 4037 683 4140 praeferebant.
707 4037 792 4111 lnde
809 4037 907 4110 Nero
924 4035 1000 4108 sine
1020 4034 1173 4134 alicujus
1192 4037 1244 4108 in-

186 4158 278 4233 dicio
301 4156 403 4229 facile
421 4156 541 4255 potuit
560 4180 773 4254 choscere
799 4154 915 4253 ipsum
932 4150 1051 4251 magni
1073 4153 1170 4253 regis
1187 4148 1241 4224 mi·
