2894 4958
543 417 659 479 LIBER
679 417 889 478 SECUNDUS.
1191 428 1251 487 259

183 537 301 612 Roma
328 552 436 610 notos
462 551 499 607 et
521 536 655 610 amicos
675 535 783 624 adiit,
812 552 848 607 et
868 535 1065 626 Romanos,
1093 539 1252 643 aliosque

182 655 391 742 credentes,
410 655 472 753 qui
497 655 570 750 ejus
595 653 781 752 ereptione
801 650 996 726 admodum
1019 657 1253 755 gratulaban-

185 789 263 862 tur,
287 775 324 845 in
347 770 417 845 fide
440 770 682 859 confortavit,
707 771 886 871 solitoque
913 773 988 844 ritu
1012 773 1163 850 verbum
1189 780 1253 854 Dei

184 890 347 966 ubertim
374 890 522 989 sparsit,
550 888 782 989 fideliumque
807 916 999 963 nnmerum
1026 919 1091 991 per
1116 896 1256 998 aliquot

182 1008 261 1083 dies
274 1008 476 1108 opitulante
489 1008 567 1080 Deo
579 1007 834 1107 augmentavit.
851 1008 965 1079 Porro
978 1004 1101 1081 beatus
1113 1012 1253 1103 Petrus,

184 1128 275 1201 dum
290 1125 418 1199 tibiam
435 1126 478 1198 de
494 1123 728 1223 compedibus
751 1125 839 1198 ferri
863 1125 1072 1198 demolitam
1088 1127 1253 1220 liaberet,

184 1260 225 1321 et
244 1243 392 1317 fasciola
414 1243 445 1315 ei
469 1258 553 1315 ante
570 1268 689 1341 sepem
707 1242 743 1313 in
764 1242 819 1312 via
844 1243 945 1315 Nova
972 1242 1130 1334 caderet,
1157 1251 1255 1343 juxta

184 1377 331 1464 portam
355 1360 508 1459 Appiam
534 1360 698 1446 veniens,
718 1360 917 1432 Dominum
934 1361 1055 1434 Jesum
1073 1363 1256 1439 Christum

183 1480 289 1553 vidit.
309 1480 425 1574 Quem
442 1493 483 1550 nt
497 1479 687 1577 cognovit,
702 1476 853 1550 adorans
870 1480 921 1550 sit
948 1506 956 1546 :
982 1479 1158 1571 Domine,
1185 1512 1257 1586 quo

182 1594 323 1671 uadis?
349 1595 399 1666 Et
419 1595 596 1668 Dominus
620 1593 713 1665 dixit
738 1596 770 1666 ei
801 1625 809 1664 :
841 1594 999 1694 Sequere
1023 1624 1101 1686 me,
1127 1603 1254 1692 Petre,

183 1717 274 1813 quia
289 1710 392 1784 vado
408 1713 566 1784 Romam
588 1712 717 1781 iterum
732 1710 911 1808 crucifigi.
936 1710 1021 1783 Mox
1041 1712 1143 1786 illum
1161 1743 1258 1790 seeu-

182 1843 259 1915 tus,
270 1828 423 1900 Romam
436 1824 563 1912 rediit,
578 1826 682 1924 eique
696 1824 873 1898 Dominus
884 1823 976 1896 dixit
992 1827 1106 1900 :Noli
1118 1833 1253 1921 timere,

183 1949 279 2049 quia
302 1973 372 2046 ego
400 1963 518 2018 tecum
544 1971 645 2034 stem,
676 1969 863 2042 quousque
893 1945 1121 2018 introducam
1155 1967 1188 2021 te
1218 1956 1256 2024 in

183 2064 337 2138 domum
352 2064 478 2136 Putris
497 2062 571 2134 mei
583 2062 599 2158 (
623 2062 654 2159 ).

230 2182 397 2282 Cumque
408 2179 543 2253 rediret
555 2205 660 2251 mane
669 2231 680 2266 ,
695 2204 777 2251 eece
791 2179 1012 2278 magistriani
1029 2208 1112 2254 eum
1129 2198 1254 2258 tenue-

182 2313 292 2386 runt,
310 2296 412 2370 acad
431 2294 591 2369 tribunal
609 2296 757 2369 Caesaris
783 2310 1050 2395 pertraxerunt.
1074 2299 1172 2374 Nero
1188 2330 1255 2374 au-

182 2433 281 2505 tem,
299 2414 461 2489 recolens
479 2439 518 2486 ea
535 2438 617 2513 quae
635 2428 730 2512 gesta
748 2411 911 2499 fuerant,
928 2416 1034 2511 jussit
1051 2418 1200 2490 Petrum
1213 2421 1251 2493 in

183 2558 330 2607 <nucem
354 2531 461 2605 levari
486 2544 524 2602 et
539 2528 688 2601 Paulum
709 2527 893 2602 decollari.
917 2531 1043 2603 Petrus
1063 2559 1151 2608 vero
1169 2561 1252 2608 cnm

182 2651 229 2725 ad
244 2675 390 2723 erucem
408 2647 582 2735 venisset,
598 2661 635 2718 et
649 2659 746 2719 totus
762 2646 925 2744 supernis
943 2646 1103 2721 intentus
1121 2651 1158 2722 in
1175 2655 1252 2752 spi-

182 2768 259 2841 ritu
271 2766 424 2841 solerter
436 2763 690 2838 considerasset
707 2761 806 2862 quod
819 2764 999 2841 Dominus
1015 2764 1114 2838 lesus
1134 2768 1251 2843 Chris.

184 2899 262 2970 tns,
288 2880 417 2982 quide
441 2879 538 2953 coelo
560 2879 603 2951 ad
623 2893 734 2952 terras
756 2877 1005 2968 descenderat,
1028 2897 1124 2955 recta
1144 2911 1250 2961 cruce

182 3001 394 3077 sublimatus
407 2999 549 3087 fuisset,
565 2998 735 3096 rogarita
751 2994 978 3068 carnificibus
992 3023 1136 3073 crucem
1150 3029 1250 3076 suam

183 3118 324 3222 gyrari,
349 3142 494 3215 seseque
513 3115 627 3213 eapite
647 3112 809 3186 demerso
828 3113 1001 3213 crucifigi.
1024 3115 1075 3187 At
1093 3116 1144 3189 illi
1164 3144 1250 3190 cru-

183 3262 262 3311 cem
288 3247 497 3318 verterunt,
522 3245 560 3303 et
580 3231 687 3329 pedes
710 3233 784 3327 ejus
805 3256 964 3320 sursum,
983 3256 1110 3305 manus
1127 3248 1247 3310 autem

182 3352 352 3427 deorsum
369 3350 540 3422 fixerunt.
561 3349 666 3419 Tunc
691 3349 864 3420 convenit
889 3348 1161 3424 innumerabilis
1178 3379 1248 3454 po-

182 3469 260 3570 puli
278 3465 498 3553 multitudo,
521 3465 569 3537 ita
587 3465 685 3564 pleni
707 3463 833 3538 furore
849 3481 891 3535 ut
907 3465 1039 3538 vellent
1060 3470 1166 3542 etiam
1190 3474 1250 3571 ip-

182 3611 266 3658 sum
281 3583 464 3656 Neronem
488 3583 741 3679 imperatorem
760 3579 961 3654 incendere.
979 3582 1106 3656 Petrus
1128 3602 1248 3661 autem

217 3861 259 3929 (1)
277 3857 331 3913 Ces
342 3855 414 3911 deux
430 3855 629 3928 paragraphes,
644 3864 673 3908 et
683 3851 710 3908 la
722 3854 822 3925 phrase
840 3854 889 3927 qui
907 3853 945 3909 les
964 3855 1096 3926 precede,
1112 3869 1175 3913 sont
1193 3863 1250 3933 pris

183 3947 253 4003 dans
262 3945 305 4003 lea
316 3954 389 4000 actes
402 3943 436 3998 de
450 3944 523 4007 saint
533 3943 662 3998 Processu
672 3952 702 3997 et
716 3942 789 3997 saint
803 3942 953 3997 Martinien
969 3966 974 3996 :
991 3947 1057 3999 Aet.
1075 3946 1127 3999 SS.
1148 3955 1250 4004 mensis

183 4039 259 4108 julii,
274 4054 298 4104 r,
313 4054 340 4108 p.
355 4031 485 4101 503-304.
500 4033 562 4088 Une
573 4033 670 4105 eglise,
685 4031 759 4086 baltie
772 4051 819 4086 sur
832 4031 858 4086 le
870 4030 927 4086 lieu
939 4033 977 4087 cii
990 4032 1016 4087 la
1029 4035 1162 4091 tradition
1176 4040 1252 4110 place

186 4134 257 4180 cette
267 4121 442 4195 apparition,
456 4140 471 4174 a
484 4122 539 4176 tire
549 4139 599 4175 son
612 4136 677 4175 noni
688 4118 736 4173 des
747 4118 854 4193 paroles
865 4119 900 4174 de
913 4119 984 4174 saint
993 4121 1088 4177 Pieree
1103 4148 1109 4176 :
1124 4126 1248 4197 Domine,

189 4232 242 4282 quo
252 4210 359 4268 vadis?
607 4214 615 4283 l
795 4254 802 4285 t
