2916 4958
573 397 688 459 LIBER
709 397 867 459 PRIMUS.
1216 401 1266 461 85Ι

189 521 266 616 ejus
272 541 379 605 ,non
402 541 484 587 cum
501 515 771 590 linteaminibus
787 517 964 616 positum,
990 514 1050 588 sed
1068 519 1256 614 separatim

193 634 412 708 involutum.
432 633 569 708 Deinde
593 651 630 708 et
646 636 801 708 Joannes
825 633 975 706 intravit
994 648 1030 705 et
1045 632 1137 706 vidit
1154 637 1257 706 simi-

192 752 275 825 liter
298 767 336 825 et
359 750 509 825 credidit
533 750 632 852 quod
653 752 766 824 Maria
793 749 952 840 dixerat,
978 748 1157 822 sublatum
1184 777 1257 825 esse

193 868 390 941 Dominum
420 869 464 941 de
491 884 744 942 monumento.
773 864 946 940 Nondum
972 867 1070 939 enim
1097 865 1257 940 sciebant

193 983 408 1081 scripturas,
432 983 515 1083 quia
533 980 725 1081 oportebat
746 1007 829 1056 eum
847 1007 866 1052 a
884 981 1040 1054 mortuis
1057 1006 1256 1082 resurgere.

191 1097 373 1172 Abierant
395 1125 480 1198 ergo
505 1098 549 1172 ad
567 1100 774 1198 semetipsos
799 1097 977 1198 discipuli.
1002 1099 1115 1171 Maria
1140 1115 1260 1174 autem

194 1213 310 1287 stabat
322 1214 367 1288 ad
377 1232 656 1291 monumentum
670 1216 760 1290 foris
772 1216 932 1316 plorans,
948 1217 985 1288 id
997 1231 1050 1290 est
1062 1233 1145 1290 ante
1157 1218 1261 1290 illum

194 1333 287 1407 saxei
304 1332 459 1432 sepulcri
480 1334 621 1426 locum;
645 1334 705 1408 sed
729 1351 849 1408 tamen
875 1335 969 1406 intra
995 1332 1084 1406 illud
1106 1336 1262 1433 spatium

192 1474 269 1550 quo
285 1453 361 1548 jam
384 1451 549 1551 ingressae
570 1451 729 1525 fuerant.
750 1452 885 1525 Hortus
909 1452 1043 1552 quippe
1067 1467 1143 1525 erat
1167 1453 1259 1543 illic,

194 1566 288 1637 sicut
305 1566 400 1639 idem
417 1568 572 1640 Joannes
593 1582 863 1643 commemorat.
888 1570 994 1640 Tunc
1010 1568 1179 1642 viderunt
1194 1597 1262 1641 an-

193 1681 315 1781 gelum
332 1683 513 1756 sedentem
529 1711 548 1756 a
565 1683 700 1757 dextris
716 1710 822 1782 super
845 1684 998 1783 lapidem
1019 1686 1226 1759 revolutum
1242 1713 1262 1758 a

194 1816 435 1874 monumento
447 1831 458 1888 ;
488 1801 532 1876 de
560 1828 634 1901 quo
661 1802 789 1903 angelo
818 1819 969 1875 narrant
998 1801 1193 1874 Matthaeus
1227 1817 1263 1876 et

194 1916 369 1988 Marcus:
392 1919 497 1990 Tunc
523 1919 626 1991 dixit
657 1923 709 1990 eis
728 1947 737 1988 :
756 1919 882 1992 Nolite
908 1921 1046 2008 timere,
1075 1944 1152 1991 vos.
1181 1917 1265 1990 Seio

196 2035 293 2105 enim
305 2035 408 2133 quod
419 2036 564 2125 Jesum,
587 2039 653 2134 qui
670 2036 868 2134 crucifixus
888 2054 956 2127 est,
982 2036 1155 2134 quaeritis.
1177 2033 1270 2109 Non
1303 2116 1306 2123 Δ

196 2168 249 2225 est
273 2150 355 2239 lzic‚·
379 2155 539 2226 surrexit
562 2155 658 2225 enim
678 2155 772 2226 sicut
796 2152 904 2225 dixit.
936 2154 1068 2227 Venite
1088 2169 1122 2225 et
1145 2154 1267 2226 videte

198 2266 318 2340 locum
348 2269 412 2341 ubi
432 2272 576 2371 positus
604 2286 682 2342 erat
708 2270 904 2344 Dominus.
938 2272 991 2342 Et
1016 2273 1088 2343 cito
1118 2287 1263 2361 euntes,

197 2383 311 2457 dicite
333 2386 528 2488 discipulis
555 2388 635 2487 ejus
661 2391 750 2487 quia
771 2390 968 2461 resurrexit
977 2421 994 2473 ;
1015 2405 1049 2461 et
1070 2414 1153 2461 ecce
1171 2414 1268 2490 proe-

198 2499 296 2571 cedit
312 2503 433 2573 cosin
453 2502 664 2575 Galiloeam.
683 2502 745 2574 Ibi
762 2529 844 2575 eum
860 2502 1054 2590 videbitis;
1070 2530 1153 2575 ecce
1164 2529 1268 2604 prte-

198 2617 1070 2722 dirivobis.Quibussimilialllarcusquoquenon
1079 2620 1255 2718 tacuit(1)

247 2733 304 2807 nd
327 2734 404 2808 baec
421 2733 529 2810 verba
554 2738 665 2810 Maria
689 2736 777 2810 dum
795 2736 918 2823 fleret,
946 2738 1134 2809 inclinavit
1152 2763 1206 2824 se,
1232 2750 1269 2808 et

198 2853 384 2952 prospexit
411 2853 449 2925 in
477 2870 779 2941 monumentum3
808 2871 844 2928 et
869 2854 961 2926 vidit
989 2853 1079 2926 duos
1104 2852 1267 2952 angelos,

201 2968 294 3041 sicut
307 2968 395 3042 dicit
407 2970 582 3058 Joannes,
602 2972 639 3043 in
654 2969 743 3044 albis
762 2971 941 3057 sedentes,
962 2995 1078 3040 unum
1090 2968 1134 3038 ad
1146 2980 1268 3064 caput,

203 3100 239 3159 et
258 3112 373 3158 unum
393 3086 438 3160 ad
458 3087 584 3187 pedes,
613 3085 675 3160 ubi
699 3087 860 3187 positum
879 3087 998 3160 fuerat
1020 3109 1150 3181 corpus
1172 3083 1268 3155 Jesu.

203 3202 338 3277 Dicunt
354 3205 385 3277 ei
405 3235 414 3275 ε
435 3205 590 3293 Mulier,
606 3204 699 3305 quid
707 3200 868 3306 ploras?
887 3204 981 3274 Dicit
997 3203 1046 3275 eis
1067 3230 1077 3271 ε
1100 3200 1202 3298 Quia
1218 3215 1271 3271 tu·

204 3322 322 3394 lerunt
333 3324 533 3395 Dominum
546 3350 665 3395 meum
672 3379 685 3411 ,
702 3340 737 3394 et
748 3324 870 3395 nescio
889 3319 953 3391 ubi
963 3333 1163 3421 posuerunt
1176 3344 1271 3390 eum.

204 3439 271 3510 llic
285 3439 507 3538 intelligendi
521 3455 607 3512 sunt
617 3438 809 3513 surrexisse
818 3436 953 3536 angeli,
967 3451 1008 3507 ut
1019 3434 1126 3507 etiam
1139 3448 1275 3508 stantes

205 3554 427 3645 riderentur,
447 3558 540 3629 sicut
559 3582 619 3631 eos
635 3559 747 3629 Lucas
765 3556 859 3629 risos
872 3554 979 3627 fuisse
992 3567 1272 3641 commemorat,

205 3686 242 3744 et
264 3670 394 3746 dixisse
422 3673 632 3747 timentibus
654 3672 817 3759 feminis,
844 3686 881 3743 et
904 3670 1047 3742 vultum
1073 3670 1112 3743 in
1142 3684 1276 3743 terram

205 3786 469 3861 declinantibus
485 3820 494 3861 :
519 3789 623 3887 Quid
633 3789 793 3888 quoeritis
809 3789 984 3863 viventem
996 3812 1080 3860 cum
1094 3783 1277 3860 mortuis?

206 3930 279 3976 non
295 3920 349 3976 est
363 3903 443 3995 lu'e,
459 3905 526 3978 sed
537 3907 707 3979 surrexit.
722 3904 987 3977 Recordamiui
1005 3903 1164 4003 qualiter
1182 3903 1279 3974 ἰοοιι-

207 4036 263 4092 tus
294 4036 347 4094 est
371 4022 495 4113 cobis,
523 4049 604 4095 eum
624 4022 748 4095 adhuc
772 4023 811 4094 in
834 4021 998 4093 Gatitaea
1021 4036 1129 4110 esset,
1153 4018 1279 4091 dicens

243 4277 282 4348 (1)
300 4277 401 4335 nain».
425 4297 534 4348 111111,
562 4297 624 4354 1·7;
647 4280 730 4336 Marc.
750 4297 812 4348 xvi,
839 4297 895 4354 1-7.
