2916 4958
193 402 253 465 154
467 402 652 464 fflsroma
672 400 979 465 cccmusrlca.

191 550 256 599 rex
269 525 549 599 sarracenorum
559 523 695 623 pariter
704 524 741 597 in
755 521 979 599 orthodoxos
984 526 1153 600 seviunt.
1166 529 1262 605 Gon·

191 640 370 714 nantinus
392 639 590 715 concilium
614 664 757 714 cccxxx
772 640 1026 741 episcoporum
1051 644 1260 719 Constanti·

192 757 318 856 nopoli
331 759 588 859 congregavit(
613 759 644 857 ).

240 872 350 949 Anno
373 873 419 949 ab
441 877 691 951 incarnatione
711 874 858 951 Domini
887 893 1033 952 nccc1v⁰
1059 877 1260 979 Stephanus

192 1018 280 1092 papa
295 992 518 1093 malignitate
536 992 703 1067 Haistulfi
726 994 1048 1094 Langobardorum
1069 998 1165 1097 regia
1180 996 1260 1071 fati-

190 1122 310 1207 gatus,
334 1109 372 1181 in
392 1108 547 1181 Galliam
563 1108 746 1209 confugit,
762 1136 781 1183 a
803 1110 950 1184 Francis
967 1110 1169 1186 honorifice
1180 1139 1261 1187 ena·

192 1240 317 1324 ceptus
332 1225 481 1317 Parisiis,
492 1226 682 1326 aegrotavit
690 1254 701 1314 ς
721 1243 758 1300 et
773 1228 1022 1302 convalescens
1038 1229 1135 1328 apud
1150 1230 1260 1305 Sanc·

193 1356 272 1414 tum
294 1343 509 1443 Dionysium
529 1342 642 1417 altare
657 1342 846 1419 dedicavit.
867 1347 1079 1446 Pippinum,
1104 1362 1142 1422 et
1166 1346 1261 1425 filino

193 1462 283 1558 ejus,
310 1460 492 1535 Karolum
515 1477 552 1535 et
577 1461 864 1535 Karlomannum
892 1489 992 1562 reges
1014 1464 1260 1555 consecravit,

192 1577 316 1678 eisque
348 1575 597 1653 defensionem
629 1578 742 1652 totius
774 1595 907 1653 sanctae
941 1580 1100 1653 ecclesiae
1132 1594 1262 1654 contre

193 1710 345 1770 cunctos
361 1692 481 1769 hostes
497 1698 572 1795 ejus
590 1694 887 1794 commendavit(
913 1699 943 1791 ).

241 1812 1263 1912 PippinusFrnnoorumrex,poscqnamxv1annicstrenue

193 1929 378 2029 regnarit,
397 1941 481 2002 νιιιο
494 1930 565 2002 kal.
585 1928 746 2005 octobris
757 1929 939 2018 moriens,
957 1928 1094 2002 Karolo
1105 1927 1185 2003 filio
1196 1952 1263 2003 ano

193 2070 348 2147 regnum
369 2047 530 2147 reliquit.
549 2046 704 2120 Karolua
726 2061 848 2118 autem
872 2047 1022 2147 Magnus
1038 2069 1140 2119 xcvu
1158 2045 1264 2119 annio

194 2164 376 2262 regnavit,
403 2177 441 2238 et
457 2161 570 2236 multa
595 2160 837 2262 praedicabilia
865 2177 939 2235 tam
959 2163 998 2235 in
1018 2161 1264 2251 ecclesiasticis

194 2276 316 2369 rebus,
329 2305 439 2379 quam
449 2279 487 2351 in
498 2277 729 2352 saecularibus
739 2279 971 2379 perpetravit.
986 2280 1099 2379 Hujus
1110 2279 1266 2353 virtute·

193 2409 277 2468 ante
299 2396 498 2469 Dominum
517 2410 554 2469 et
577 2395 741 2472 homines
760 2421 902 2495 magnae
923 2395 1094 2483 fuerunt,
1115 2408 1155 2467 et
1169 2392 1265 2467 mul·

229 2670 268 2741 (ι)
284 2669 331 2740 (18
339 2670 403 2742 juin
415 2670 688 2747 741·1“aeptembre
701 2668 776 2746 775.)
789 2670 830 2724 Ici
844 2678 926 2726 notre
943 2680 1051 2736 auteur,
1068 2669 1117 2743 qni
1133 2668 1207 2723 avait
1217 2684 1265 2725 rc-

194 2759 309 2815 tranche
324 2761 425 2834 quinae
441 2777 491 2816 ans
509 2760 549 2816 dn
567 2762 655 2835 regne
671 2759 711 2815 dn
724 2761 791 2833 pere
804 2760 853 2833 [on
865 2758 958 2834 plutot
970 2778 1010 2815 un
1024 2768 1184 2815 connotent
1194 2756 1266 2815 mi-

194 2848 299 2919 admit,
313 2869 360 2906 car
371 2850 397 2907 ie
405 2851 503 2907 chiffre
515 2872 531 2907 a
541 2854 586 2909 ete
597 2850 785 2907 e'videmment
793 2850 945 2923 aurcharge
955 2868 1005 2924 par
1017 2867 1073 2905 une
1084 2849 1161 2905 main
1169 2850 1266 2923 poete-

194 2937 286 2993 rienre
296 2939 363 2994 dana
372 2939 398 2995 le
407 2941 561 2995 manuscrit
567 2940 603 2995 de
610 2926 829 3012 saint-Emonia]
839 2980 847 3005 ‚
856 2956 891 2994 en
899 2937 993 2994 donne
1000 2956 1051 3011 par
1057 2935 1268 3010 compennficn

195 3028 387 3105 vingt-quatre
399 3030 435 3085 de
451 3040 516 3104 trop
531 3032 548 3085 i
564 3029 635 3085 celui
654 3028 692 3084 dn
706 3028 759 3084 fila.
777 3029 907 3103 Begoes,
927 3026 1099 3101 archeveque
1112 3024 1148 3080 dc
1163 3018 1268 3081 Ronen

194 3130 275 3175 avant
292 3138 358 3195 722,
373 3121 477 3196 oreque
494 3119 530 3176 de
546 3121 625 3175 Paria
640 3130 670 3176 et
686 3118 721 3174 de
737 3119 862 3192 Bayenx‚
877 3118 948 3173 abbe
964 3116 999 3173 de
1017 3115 1180 3173 Fontenellc
1190 3114 1269 3171 etde

194 3211 335 3283 Jnmiegea
354 3229 390 3265 en
408 3227 475 3284 722,
497 3219 612 3264 mourut
630 3212 646 3263 a
664 3208 805 3281 Jnmieges
824 3207 850 3261 le
870 3206 887 3263 8
905 3206 973 3261 avril
990 3203 1051 3281 730.
1071 3202 1224 3260 Karioman
1238 3212 1268 3261 et

195 3298 283 3372 Pepin
295 3298 450 3354 heriterent
462 3298 498 3353 de
510 3300 536 3354 la
548 3299 692 3372 puissanee
704 3306 733 3351 et
745 3295 794 3352 dea
810 3296 946 3352 fonctions
955 3294 990 3350 de
1002 3294 1063 3349 leur
1075 3296 1142 3367 pere
1151 3292 1269 3350 Charlea

196 3386 309 3454 Martel‚
320 3390 426 3462 en741.
439 3386 538 3453 Remi,
553 3383 615 3440 leur
628 3385 714 3453 frere,
726 3383 898 3458 archeveque
907 3382 944 3438 de
957 3382 1085 3438 Roueni
1100 3380 1127 3436 la
1142 3379 1223 3455 place
1233 3380 1270 3437 de

196 3476 364 3551 Regensroi,
378 3495 414 3531 en
426 3474 494 3552 755,
505 3484 621 3532 mourut
629 3473 655 3529 ie
669 3492 701 3549 ¹9
706 3474 815 3546 janvier
825 3490 888 3548 772.
900 3474 951 3528 lea
959 3468 1125 3547 principales
1138 3471 1269 3543 penem·

196 3568 271 3623 tione
281 3566 317 3622 de
330 3567 495 3623 Constantin
508 3567 686 3639 Copronyme
700 3574 796 3619 contre
809 3562 848 3617 lea
862 3561 1034 3636 catholiqnea
1047 3570 1097 3616 ont
1113 3577 1150 3615 en
1162 3558 1221 3614 lien
1232 3576 1270 3615 en

197 3653 266 3732 754,
280 3656 329 3733 761
345 3667 374 3711 et
386 3655 447 3734 766.
461 3656 536 3712 Chez
547 3656 586 3710 lea
603 3656 755 3721 sarracino,
768 3653 801 3708 ila
812 3653 907 3708 surent
920 3652 1075 3728 ponranivia
1087 3670 1138 3724 par
1151 3650 1177 3705 le
1189 3648 1271 3715 calist

196 3746 343 3803 Almanaor
358 3757 387 3802 et
405 3764 456 3802 aon
468 3746 621 3801 lientenant
633 3744 737 3812 Salem,
756 3743 818 3817 plus
832 3761 887 3817 que
899 3760 950 3815 par
963 3758 1011 3796 aon
1027 3739 1106 3795 oncle
1119 3724 1268 3795 Abdailan.

197 3836 281 3891 Troia
298 3845 362 3892 cent
377 3835 551 3891 trente-huit
566 3835 684 3910 eveqnea
701 3834 861 3888 assisterent
877 3851 913 3887 an
928 3828 1034 3886 concile
1052 3827 1202 3885 rassemble
1218 3844 1270 3903 par

196 3924 362 3999 Pemperenr
373 3929 388 3979 a
401 3923 629 3998 Constantinople
641 3942 676 3979 en
686 3919 748 3998 754.

233 4016 273 4088 (a)
291 4001 407 4071 i'ltienne
419 4016 463 4083 ΙΙ,
477 4014 550 4088 parti
568 4013 603 4069 de
619 4013 709 4069 Rome
720 4012 746 4067 le
762 4016 794 4080 ¹4
809 4010 923 4067 octobre
935 4008 1001 4086 755,
1019 4009 1109 4064 arriva
1120 4010 1137 4064 i
1147 4006 1269 4064 Pontion

197 4106 324 4177 (marne)
340 4105 365 4160 le
379 4104 397 4159 6
409 4102 517 4175 janvier
528 4102 595 4179 754,
609 4121 684 4157 sacra
695 4102 783 4176 Pepin
796 4111 825 4156 et
839 4119 881 4155 aes
899 4099 1007 4155 cnsanta
1025 4099 1050 4153 le
1068 4098 1103 4154 28
1118 4096 1226 4169 juillet,
1241 4105 1270 4151 et

198 4197 286 4268 reprit
296 4195 322 4251 le
337 4194 448 4249 chemin
462 4193 498 4248 dc
510 4193 600 4248 Rome
613 4202 692 4248 avant
704 4191 731 4246 la
744 4191 782 4246 fin
795 4189 830 4245 de
842 4191 956 4245 l’anne'c.
