2894 4958
556 446 673 510 LIBER
693 446 903 508 SECUNDUS.
1205 445 1266 507 343

248 571 443 668 Postquam
464 567 577 638 sancti
598 565 748 665 apostoli
767 566 947 638 universas
968 563 1171 663 provincias
1185 589 1267 662 per-

183 701 402 789 agrassent,
420 700 457 757 et
473 684 579 756 Sanir
596 685 633 786 in
651 683 761 757 domo
782 683 911 756 Sennis
924 681 1088 781 discipuli
1106 681 1159 754 sui
1179 680 1266 753 hos-

184 805 307 906 pitati
327 802 495 890 fuissent3
510 827 591 875 ecce
605 802 696 875 circa
715 799 841 876 horam
855 801 1010 900 primam
1023 825 1148 873 omnes
1162 799 1269 872 simul

202 921 393 1023 pontifices
410 921 615 1007 irruerunt,
634 935 671 994 et
686 918 911 993 horribiliter
928 917 972 992 ad
994 920 1150 1007 Sennem
1167 918 1271 994 voci-

203 1040 381 1124 ferantes,
396 1038 561 1113 inimicos
573 1036 724 1111 deorum
741 1063 891 1111 suorum
906 1037 1058 1136 produci
1070 1040 1268 1136 jusserunt.

205 1160 345 1231 Interea
370 1155 482 1228 sancti
503 1153 655 1254 apostoli
679 1170 851 1228 tenentur
867 1180 908 1226 ac
925 1151 969 1226 ad
990 1152 1166 1252 templum
1188 1151 1273 1225 solis

200 1273 406 1344 ducuntur.
436 1269 510 1342 lllis
532 1284 653 1343 autem
676 1266 978 1370 ingredientibus,
997 1268 1178 1341 daemones
1199 1267 1275 1340 cla-

206 1403 311 1462 mant
321 1413 387 1487 per
398 1412 658 1487 energumenos
674 1415 683 1458 z
704 1385 809 1486 Quid
821 1385 926 1459 nobis
938 1401 973 1458 et
983 1385 1099 1473 uobis,
1114 1384 1276 1486 apostoli

207 1504 285 1576 Dei
308 1499 410 1577 vivi?
433 1503 472 1574 in
496 1506 661 1602 ingressu
684 1519 803 1574 uestro
814 1500 985 1601 flammis
1009 1502 1208 1572 exurimur.
1235 1502 1277 1572 ln

208 1646 281 1692 una
305 1617 381 1717 aede
403 1617 527 1718 templi
550 1616 595 1690 ab
617 1619 757 1692 oriente
774 1616 945 1718 quadriga
963 1643 1141 1718 equorum
1162 1615 1277 1689 fusilis

210 1762 254 1810 ex
272 1760 362 1809 auro
384 1734 521 1821 stabat,
547 1735 672 1836 inqua
697 1733 848 1808 radietas
866 1734 923 1834 (1)
942 1733 1026 1808 solis
1044 1759 1146 1834 aeque
1162 1733 1277 1806 fusilis

211 1851 445 1928 consistebat.
474 1854 517 1925 ln
543 1852 609 1925 alia
632 1877 719 1927 vero
741 1850 817 1925 aede
845 1852 931 1923 luna
954 1850 1070 1924 stabat
1093 1850 1208 1923 fusilis
1235 1875 1280 1925 ex

211 1984 382 2070 argento,
402 1966 536 2042 habens
550 1968 671 2068 bigam
687 1965 801 2042 boum
815 1967 958 2041 fusilem
975 1968 1141 2040 similiter
1158 1992 1202 2040 ex
1217 1992 1281 2038 ar-

211 2100 337 2186 gento.
360 2082 597 2159 Pontificibus
618 2101 655 2159 et
677 2085 787 2184 magis
807 2107 893 2157 cum
908 2085 1044 2184 populo
1067 2081 1279 2185 cogentibus

212 2201 394 2302 apostolos
411 2218 453 2273 nt
468 2200 679 2291 adorarent,
700 2202 765 2300 ipsi
783 2200 828 2275 de
846 2202 981 2276 visione
997 2202 1143 2277 Domini
1163 2201 1280 2277 nostri

213 2321 298 2393 Jesu
320 2317 475 2408 Christi,
494 2345 603 2421 quem
619 2335 809 2394 vocantem
825 2344 862 2392 se
878 2320 915 2392 in
932 2318 1053 2394 medio
1069 2320 1282 2419 angelorum

215 2433 569 2534 contemplabantur,
589 2451 717 2509 mutuo
742 2434 906 2510 hebraice
926 2433 1182 2537 loquebantur.
1203 2439 1285 2509 An-

216 2551 317 2651 gelus
346 2577 492 2652 quoque
523 2554 671 2628 Domini
705 2553 754 2627 eis
783 2555 950 2654 apparuit
982 2568 1019 2628 et
1047 2553 1281 2628 confortavit.

217 2668 369 2759 Deinde,
389 2668 484 2744 facto
495 2669 655 2760 silentio,
673 2669 716 2744 ad
732 2672 909 2771 populum
925 2671 1037 2746 locuti
1051 2685 1150 2760 sunt,
1169 2685 1206 2746 et
1223 2697 1286 2745 er·

217 2813 341 2861 rorem
353 2814 459 2861 suum
472 2787 737 2863 rationabiliter
752 2790 1009 2880 ostenderunt,
1029 2793 1092 2891 qui
1107 2791 1286 2867 honorem

219 2905 288 2981 soli
312 2906 390 2980 Deo
414 2904 579 2980 debitum
606 2923 779 2982 creaturae
803 2908 984 2983 inutiliter
1001 2909 1281 3009 impendebant3

221 3047 289 3097 nec
306 3022 383 3096 sine
405 3022 535 3122 injuria
557 3024 671 3098 solem
688 3039 725 3098 et
744 3024 868 3097 lunam
886 3024 923 3097 in
944 3025 1157 3098 manufactis
1180 3052 1288 3100 man-

221 3136 387 3213 sionibus
415 3137 666 3229 includebant,
694 3166 786 3241 quos
809 3141 903 3215 Deus
929 3139 974 3213 ab
1002 3140 1108 3215 initio
1130 3143 1168 3216 in
1192 3144 1289 3218 coelo

222 3253 376 3343 crearit,
395 3270 433 3327 et
454 3255 556 3328 omni
580 3256 712 3330 saeculo
736 3273 857 3356 patere
880 3273 917 3332 et
938 3257 1059 3332 lucere
1083 3259 1287 3334 constituit.

224 3368 462 3469 Stupentibus
494 3372 659 3461 cunctis,
691 3374 817 3446 Simon
851 3373 1009 3448 daemoni
1041 3377 1215 3477 proecepit
1246 3391 1289 3450 ut

224 3511 385 3587 egressus
398 3484 500 3576 inde,
515 3487 746 3562 simulacrum
757 3489 841 3564 solis
852 3505 888 3565 et
898 3489 1106 3592 quadrigam
1120 3494 1193 3592 ejus
1207 3518 1293 3569 con·

226 3605 422 3677 minueret.
438 3605 612 3678 Similiter
622 3607 643 3677 J
645 3605 842 3705 udasjussit
854 3607 1085 3682 simulacrum
1096 3610 1194 3682 lunoe
1209 3635 1294 3684 con·

227 3719 355 3822 fringi.
374 3722 481 3794 Tunc
496 3721 570 3796 duo
589 3722 776 3823 AEthiopes
792 3724 886 3826 nigri
903 3741 939 3799 et
953 3726 1063 3817 nudi,
1080 3726 1295 3803 horribiles-

229 3862 302 3936 que
314 3835 432 3926 vultu,
454 3836 573 3938 egredi
587 3838 632 3911 ab
650 3841 752 3914 omni
767 3840 904 3941 populo
920 3842 985 3915 risi
1003 3858 1107 3934 sunt,
1130 3859 1167 3918 et
1184 3845 1297 3917 simu-

268 4216 310 4286 (ι)
326 4215 423 4273 Statue
435 4216 544 4288 radies,
558 4221 691 4276 entouree
703 4218 738 4277 de
751 4237 858 4294 caynus.
