2894 4958
186 382 248 446 432
461 379 645 441 nlsrotua
667 379 972 443 rectustssrmu

186 502 407 577 devastatum
425 515 492 575 est.
511 500 685 575 Praefatus
698 527 784 576 vero
801 528 890 601 papa
909 519 1103 604 postquam
1116 507 1256 604 episco-

186 644 252 719 pos
270 644 307 692 ιν
320 616 520 710 ordinavit,
543 617 637 717 apud
657 616 802 692 beatum
820 620 970 693 Petrum
983 637 1038 694 1v0.
1056 647 1176 696 nonas
1190 651 1256 697 au·

186 735 279 836 gusti
297 732 457 832 sepultus
473 749 545 824 est,
563 750 599 808 et
613 735 759 808 cessavit
774 734 996 835 episcopatus
1010 735 1198 813 mensibus
1212 765 1254 812 ιιι

187 849 312 922 diebus
330 849 441 945 xx1v(
467 850 494 945 ).

236 954 391 1043 loannes
416 966 595 1054 Dalmata,
622 992 665 1039 ex
688 981 790 1064 patre
813 965 994 1041 Venantio
1019 966 1252 1073 scholastico,

188 1082 280 1158 sedit
303 1111 399 1158 anno
425 1108 500 1156 uno
532 1082 713 1155 mensibus
741 1108 778 1156 rx
803 1080 928 1156 diebus
957 1074 1066 1158 xvul.
1103 1086 1172 1158 Hic
1194 1112 1255 1184 per

189 1227 336 1277 omnem
361 1200 571 1273 Dalmatiam
601 1215 637 1272 et
653 1201 807 1272 ¹lstriam
836 1200 965 1273 multas
993 1203 1168 1299 pecunias
1190 1228 1254 1302 pro

188 1317 435 1416 redemptione
463 1317 686 1416 captivorum
712 1344 778 1415 per
800 1319 1064 1390 sanctissimum
1091 1317 1254 1393 abbatem

189 1432 389 1505 Martinam
401 1430 516 1520 misit,
537 1446 573 1504 et
587 1430 669 1504 inde
683 1432 850 1532 reliquias
864 1449 1074 1506 sanctorum
1090 1433 1255 1507 decenter

190 1546 377 1621 transferri
397 1545 495 1619 fecit.
519 1547 597 1645 lpse
619 1562 672 1621 ινο
698 1547 776 1619 idus
798 1543 959 1620 octobris
981 1547 1077 1647 apud
1096 1564 1253 1621 sanctum

189 1650 338 1737 Petrum
349 1661 507 1761 sepultus
521 1676 592 1751 est,
607 1677 644 1734 et
658 1662 804 1734 cessavit
816 1662 1039 1760 episcopatus
1051 1652 1175 1737 mense
1185 1689 1254 1737 uno

189 1776 315 1851 diebus
329 1803 398 1850 xm
413 1777 429 1875 (
453 1776 484 1874 )

240 1893 452 1968 Theodorus
470 1893 637 1981 Graecus,
663 1919 708 1966 ex
730 1909 830 1993 patre
848 1892 1043 1968 Theodoro
1067 1896 1253 1995 episcopo,

191 2012 235 2087 de
253 2012 396 2084 civitate
409 2008 631 2110 ierosolyma
639 2064 650 2100 ,
670 2009 760 2082 sedit
773 2011 876 2083 annis
894 2036 931 2086 vl
946 2011 1133 2085 mensibus
1146 2037 1171 2086 v
1184 2012 1255 2085 die-

188 2129 257 2203 bus
274 2155 380 2203 xv111.
402 2130 506 2199 Tunc
518 2125 691 2200 nefandus
707 2127 899 2200 Mauricius
916 2126 1156 2201 chartularius
1174 2155 1257 2202 con·

191 2263 248 2320 tra
270 2247 420 2318 lsacium
445 2245 635 2344 patricium
660 2244 898 2333 intartizavit,
922 2261 958 2319 et
978 2271 1107 2319 omnes
1126 2244 1257 2345 judices

192 2391 276 2458 cum
289 2363 447 2436 exercitu
461 2362 689 2434 sacramentis
708 2384 829 2434 secum
848 2363 1008 2435 strinxit.
1027 2365 1161 2437 Isacius
1175 2389 1257 2438 vero

192 2480 338 2554 Donum
348 2479 558 2579 magistrum
571 2478 728 2550 militum
739 2496 774 2553 et
785 2475 1003 2552 sacellarium
1016 2508 1126 2553 suum
1136 2498 1257 2556 contra

192 2623 276 2671 cum
302 2595 422 2684 misit,
454 2610 668 2694 captumque
697 2595 889 2685 decollari,
922 2612 958 2670 et
987 2613 1097 2696 caput
1123 2602 1198 2697 ejus
1225 2599 1257 2671 in

192 2715 314 2813 stipite
335 2716 372 2786 in
392 2713 488 2786 circo
501 2713 716 2786 Ravennatis
732 2714 820 2811 poni
841 2713 946 2801 fecit,
964 2729 1000 2787 et
1018 2711 1208 2790 imbriatos
1224 2715 1258 2785 in

192 2847 292 2902 arcto
310 2855 450 2901 carcere
467 2844 508 2900 ut
521 2827 737 2926 punirentur
750 2829 915 2900 servavit.
930 2829 1007 2926 lpse
1020 2845 1142 2901 autem
1156 2828 1258 2929 paulo

193 2963 276 3047 post
293 2962 385 3019 nutu
398 2946 463 3019 Dei
483 2944 603 3019 subito
620 2946 746 3044 periit,
765 2960 801 3018 et
815 2944 1026 3018 Theodorus
1040 2945 1203 3046 Calliope
1217 2942 1257 3017 ab

195 3065 411 3163 imperatore
426 3064 552 3135 missus
570 3063 613 3134 ad
630 3063 789 3161 regimen
806 3061 916 3135 ltaliae
937 3065 1120 3137 successit.
1141 3064 1256 3136 Theo·

193 3181 302 3254 dorus
319 3207 407 3279 papa
423 3179 580 3251 multum
592 3181 672 3279 pius
690 3196 725 3252 et
737 3177 956 3269 bonussuit,
974 3196 1010 3253 et
1024 3180 1209 3280 Pyrrhum
1221 3202 1255 3251 ac

193 3296 343 3369 Paulum
369 3295 555 3369 haereticos
579 3296 763 3395 episcopos
791 3293 1128 3395 Constantinopolis
1152 3296 1256 3396 depo-

193 3414 278 3487 suit.
291 3407 358 3485 Hic
368 3414 552 3512 episcopos
565 3436 650 3486 ιιιιιι
663 3412 856 3485 ordinavit.
868 3411 950 3483 ldus
962 3413 1046 3485 maii
1059 3410 1106 3485 ad
1118 3411 1256 3484 beatum

228 3701 267 3771 (ι)
284 3700 330 3774 (29
342 3701 442 3754 mai-11
457 3699 570 3755 octobre
582 3697 657 3767 640.)
669 3700 705 3753 le
717 3697 818 3771 pillage
829 3698 868 3753 dn
877 3701 966 3753 tresor
978 3697 1059 3770 papal
1071 3706 1122 3752 ent
1130 3696 1188 3751 lieu
1196 3695 1255 3750 dans

195 3783 355 3842 l'intervalle
367 3805 440 3842 assez
453 3787 519 3860 long
533 3787 582 3862 qui
599 3784 716 3841 s’ecoula
733 3796 812 3842 entre
830 3785 968 3841 l'election
985 3795 1014 3840 et
1032 3784 1212 3840 l’ordination
1227 3781 1256 3836 de

196 3873 284 3928 δόνει
310 3918 317 3929 .

231 3960 269 4031 (2)
279 3895 330 4032 'lit
347 3966 492 4022 decembre
509 3966 609 4034 640-11
629 3965 742 4021 octobre
759 3965 836 4038 tila.)
853 3967 903 4021 Les
922 3963 1042 4039 reliques
1059 3963 1133 4019 dont
1150 3963 1172 4018 il
1185 3961 1254 4034 s'agit

197 4047 264 4100 dans
277 4069 308 4104 ce
317 4057 486 4128 paragraphe
496 4057 599 4111 etaient
610 4054 690 4111 celles
700 4053 736 4109 de
749 4055 821 4110 saint
831 4056 974 4121 Anastase,
987 4051 1023 4108 de
1038 4053 1112 4108 saint
1123 4052 1253 4113 Veusnoe,

198 4133 232 4188 de
246 4136 316 4191 saint
327 4138 407 4196 lllaur
420 4152 448 4196 et
460 4143 494 4197 de
503 4143 577 4197 leurs
591 4160 786 4215 compagnons.
