2916 4958
509 438 626 503 tinen
646 436 805 502 PRIMUS.
922 503 924 507 ,
1131 438 1189 503 153

125 577 267 640 secuuu
294 586 398 653 sum,
429 560 493 662 qai
522 560 665 659 scripsit
688 583 803 659 usqne
829 555 874 629 ad
900 565 1119 630 nccxxxsv¹¹¹
1144 554 1190 629 ab

127 677 377 753 incarnatione
388 676 536 750 Domini
549 700 699 749 annum.
713 676 792 774 lpse
800 672 976 748 nimirum
985 671 1077 745 Beda
1088 698 1191 772 pres-

126 795 231 895 byter
244 810 281 870 et
296 793 424 867 Paulus
437 793 687 882 Cassiniensis,
706 792 882 893 religione
898 789 1086 885 monachi,
1106 812 1191 865 eru-
1309 854 1324 873 .

125 912 265 988 ditione
276 937 404 1012 magna
420 909 553 983 imbuti
559 911 571 999 ;
587 910 684 984 inter
694 912 823 985 caetera
839 908 934 984 bone
950 907 1065 982 studia
1079 905 1192 981 bisto-

126 1030 219 1103 rim
227 1054 302 1103 suoe
311 1028 428 1129 gentis
440 1029 604 1130 quinque
615 1026 717 1101 libris
727 1026 934 1117 ediderunt,
945 1043 983 1101 et
990 1026 1192 1100 luculenter

126 1160 408 1248 prompserunt3
438 1146 536 1220 unde
567 1142 716 1219 Guinili'
744 1162 781 1220 et
810 1145 919 1248 Angli
951 1142 1194 1246 processerint

126 1281 163 1340 et
176 1263 334 1366 qualiter
349 1262 489 1337 ltaliam
501 1261 746 1364 Langobardi,
758 1279 867 1365 atque
880 1263 1105 1341 Britanniam
1119 1261 1194 1334 An·

125 1382 175 1482 gli
187 1381 257 1457 sibi
269 1381 490 1484 subegerint.
503 1381 649 1456 Amodo
659 1383 814 1457 aliorum
825 1381 1039 1457 documenta
1049 1397 1193 1482 patrum

126 1495 304 1573 laboriose
325 1498 542 1598 perscrutari
561 1522 692 1598 cogor,
707 1513 744 1571 et
756 1497 1035 1597 descriptionem
1052 1512 1194 1594 tempo-

126 1636 211 1685 rum
226 1637 341 1712 nsque
360 1609 404 1685 ad
422 1629 545 1687 nostra
565 1614 734 1714 prosequi
755 1630 916 1713 tempora
933 1611 1085 1701 molior,
1110 1634 1193 1713 quae

128 1726 252 1800 multis
273 1729 452 1828 variisque
470 1727 729 1802 calamitatibus
744 1729 855 1804 modo
874 1743 964 1803 tetra
980 1743 1085 1816 sunt;
1105 1726 1193 1799 dum

126 1841 200 1916 duo
221 1841 392 1942 praesules
413 1840 458 1917 de
473 1850 627 1917 romano
642 1843 858 1943 pontificatu
870 1847 945 1943 jam
962 1870 1027 1942 per
1043 1837 1108 1915 sex'
1124 1866 1194 1914 an-

127 1980 193 2030 nos
208 1955 399 2032 ambitiose
416 1959 707 2048 contenderunt,
726 1973 763 2033 et
774 1975 858 2059 p0st
873 1974 1029 2032 mortem
1045 1955 1192 2030 llenrici

127 2075 220 2175 regis
235 2074 438 2176 Anglorum
449 2130 462 2166 ,
480 2075 525 2151 de
545 2103 659 2177 regno
680 2080 755 2177 ejus
780 2074 980 2176 Stephanus
1003 2098 1134 2173 nepos,
1157 2085 1194 2147 et

128 2189 305 2265 soffredus
325 2217 454 2291 gener,
480 2189 524 2264 ad
546 2193 749 2266 multorum
771 2192 1006 2281 detrimenta,
1029 2190 1138 2263 minis
1157 2203 1195 2263 et

128 2307 236 2380 armis
256 2308 461 2381 inimicitias
483 2311 753 2408 exercuerunt(
778 2309 809 2408 ).

176 2424 436 2499 Constantinus
465 2426 596 2499 leuans
632 2424 727 2498 filius
760 2426 864 2498 annis
894 2424 985 2499 avus
1016 2423 1191 2524 regnavit.

128 2541 233 2640 liugn
256 2541 531 2642 Rotomageusis
556 2541 843 2643 archiepiscopus
871 2540 1017 2630 floruit,
1050 2556 1087 2614 et
1114 2540 1195 2639 epi-

128 2654 330 2756 scopatibus
342 2656 530 2731 Parisiensi
543 2671 580 2730 et
589 2657 790 2746 Baiocensi,
806 2655 957 2730 abbatiis
969 2658 1077 2731 etiam
1086 2655 1194 2730 Gem-

128 2774 312 2848 metioensi
337 2787 375 2848 et
402 2773 662 2849 Fontinellensi
686 2774 847 2874 praefuit.
876 2774 1138 2874 Karlomagnus
1160 2787 1195 2846 et

128 2889 300 2989 Pippinus
313 2893 529 2991 majoratum
544 2889 673 2966 domus
687 2890 952 2991 adipiscuntur,
966 2906 1003 2966 et
1012 2890 1196 2989 Remigius

129 3005 242 3080 frater
257 3033 404 3096 eorum,
424 3011 537 3107 ejecto
555 3007 801 3110 bagensredo,
821 3007 1106 3108 archiepiscopus
1122 3008 1194 3080 Ro·

130 3126 345 3226 tomagensis
355 3126 519 3200 efficitur.
537 3126 798 3201 Constantinus
811 3141 848 3200 et
858 3124 1044 3199 Habdallas
1056 3124 1195 3198 Amiras

162 3395 204 3467 (ι)
219 3394 300 3451 Aiusi
313 3412 368 3469 que
383 3412 455 3452 nous
471 3414 575 3452 venons
585 3396 621 3452 de
639 3396 667 3452 le
682 3397 751 3464 voir,
771 3396 843 3453 Beda
860 3398 904 3453 n’a
922 3397 1038 3454 conduit
1050 3415 1100 3452 son
1113 3394 1196 3451 truite

129 3483 172 3538 De
185 3502 238 3541 ια
251 3483 397 3557 hiatibus
408 3485 509 3541 mundi
519 3505 575 3562 que
588 3487 717 3562 jusqu’en
730 3487 795 3563 726,
812 3498 841 3543 et
854 3507 904 3544 son
917 3488 1038 3544 Histoire
1050 3488 1194 3543 eccle'ssier·

129 3574 204 3646 ὕφει
213 3588 270 3647 que
277 3572 408 3647 jusqu'en
420 3571 481 3650 731.
496 3573 642 3630 L'histoire
654 3575 702 3635 des
715 3575 866 3631 lombarde
877 3596 928 3650 par
935 3576 1005 3631 Paul
1016 3576 1113 3630 Diacre
1126 3575 1196 3631 n'est

128 3677 176 3733 pas
188 3659 291 3716 dirisee
308 3678 344 3716 eu
364 3662 443 3736 cinq,
461 3663 531 3719 mais
544 3681 580 3719 en
600 3664 640 3718 six
660 3663 741 3718 liures
757 3689 762 3718 :
778 3664 822 3720 De
841 3668 927 3738 gestis
944 3663 1195 3738 Langobardorum

130 3750 196 3806 libri
207 3768 245 3806 vr.
261 3750 339 3807 Nous
355 3770 438 3808 avons
455 3753 548 3809 donne
561 3754 587 3810 la
605 3755 789 3829 signification
805 3756 844 3811 du
859 3765 919 3811 mot
935 3758 1049 3811 Guinili,
1065 3746 1194 3811 lsa'men·

129 3838 189 3894 tion
209 3836 245 3892 de
266 3839 307 3894 six
332 3843 434 3896 annees
458 3840 520 3913 deja
538 3843 663 3898 siconlees
687 3842 785 3916 depuis
807 3843 833 3899 le
853 3854 1089 3900 commencement
1111 3841 1196 3898 dela

129 3923 200 3982 lutte
210 3936 291 3981 enne
303 3927 439 3984 Innocent
452 3930 480 3984 Π
493 3940 523 3986 et
534 3930 698 4005 lauti-pape
711 3931 826 3987 Anaclet
838 3931 1051 4004 (ferrier1130)‚
1066 3948 1137 3987 nous
1150 3932 1194 3987 iu-

130 4012 215 4089 dique
223 4033 280 4090 que
289 4033 321 4070 ne
332 4018 504 4091 paragrapbe
515 4018 580 4075 adit
588 4020 648 4075 dtre
660 4021 729 4076 ecrit
740 4039 775 4075 eu
790 4017 870 4087 1156,
884 4024 992 4096 epoque
1003 4022 1042 4076 οὺ
1053 4019 1078 4075 la
1090 4037 1197 4075 succes-

130 4103 190 4159 sion
207 4103 244 4159 de
262 4104 351 4161 Henri
370 4107 404 4161 1⁸¹
420 4107 489 4163 etait
500 4106 628 4182 disputes
641 4128 704 4165 avec
718 4110 917 4165 achamement
934 4122 1013 4168 entre
1030 4097 1146 4165 Etienne
1159 4108 1197 4164 de

132 4190 215 4262 blois,
230 4211 280 4248 son
293 4212 395 4264 neven,
408 4206 437 4251 et
451 4196 576 4253 Geoffroi
585 4197 720 4271 d’Aujou,
736 4216 786 4254 son
799 4198 911 4272 gendre.
