2894 4958
570 413 687 481 tltttlt
707 413 866 474 PRIMUS.
1212 413 1252 473 75

183 537 364 613 dream
384 534 549 609 emota.
566 534 680 615 ,Tunc
696 532 771 607 illic
792 531 911 632 iniqui
933 548 1050 604 coetus
1072 530 1252 630 aggregati

184 668 291 745 snt,
316 652 586 752 Domumque
613 651 713 750 quusi
733 653 808 749 jam
831 649 1040 725 convictum
1063 673 1168 721 reum
1188 646 1254 719 ad-

183 769 390 858 dsuoetmt,
400 768 589 849 annitente
602 766 754 868 Caipha,
771 768 828 841 cni
841 770 917 867 jam
933 781 1036 841 antea
1048 767 1167 838 visum
1178 763 1255 839 lue·

185 900 245 959 rat
270 900 318 960 ut
340 886 448 961 ·Jesus
476 899 697 974 moreretur3
726 884 825 958 nulla
853 907 955 959 mors
984 883 1253 986 interponitur,

186 1004 279 1104 quin
294 1001 517 1092 damnandus
533 1002 650 1076 Pilato
667 1001 882 1077 traderetur.

236 1117 344 1194 Solus
357 1118 549 1192 Mattheus
562 1119 701 1192 exitum
712 1116 1013 1192 Judoe'traditoris
1023 1114 1195 1202 narravit,
1209 1114 1257 1184 ita

185 1236 334 1311 diceus:
352 1236 457 1309 Tunc
473 1235 603 1311 videns
619 1237 650 1310 J
649 1235 765 1328 udos,
785 1237 851 1336 qui
866 1233 1024 1308 tradidit
1041 1259 1141 1323 eum,
1157 1227 1260 1332 quod

186 1351 388 1425 damaim
401 1368 510 1442 esset,
517 1353 736 1453 paroemia
747 1353 892 1440 ductus,
908 1350 1029 1424 retulit
1042 1373 1118 1422 xxx
1131 1373 1260 1447 argen-

188 1486 265 1543 teos
280 1468 516 1571 principibus
537 1469 769 1543 sacerdotum
797 1487 831 1542 et
852 1466 1076 1556 senioribus,
1097 1464 1225 1538 dicerer
1247 1491 1257 1535 :
1390 1488 1395 1513 ι

188 1586 368 1673 Peocaoi,
384 1585 531 1659 uadens
543 1589 761 1687 sanguinem
767 1588 924 1686 justum.
939 1584 990 1658 At
1002 1585 1053 1658 illi
1066 1584 1258 1659 dixerunt:

193 1698 302 1803 Quid
320 1703 376 1776 ad
395 1701 492 1776 nos?
514 1719 553 1778 tu
571 1700 723 1778 vedent.
750 1704 800 1775 Et
826 1703 997 1802 projectis
1015 1700 1193 1802 argenteis
1221 1699 1258 1773 iu

191 1817 349 1919 templo,
364 1819 510 1893 recessit
515 1847 526 1908 3
541 1835 579 1892 et
591 1818 734 1910 abiens,
749 1819 876 1921 laqueo
892 1844 929 1892 se
944 1816 1142 1917 suspendit.
1159 1813 1261 1888 Prin·

191 1937 290 2038 cipes
305 1938 555 2027 secerdotum,
569 1939 725 2038 acceptis
743 1938 941 2039 argenteis,
962 1936 1133 2009 dixerunt
1150 1932 1262 2005 :Non

192 2054 279 2128 lieet
290 2080 352 2131 eos
363 2059 502 2130 nouere
513 2059 551 2131 in
565 2057 754 2130 corbanan
763 2058 835 2155 (1),
850 2059 1104 2158 quiapretium
1113 2050 1264 2151 sangui·

191 2173 251 2244 nis
267 2187 334 2245 est.
355 2171 516 2250 Consilio
533 2189 654 2249 sutem
671 2175 785 2264 inito,
807 2187 976 2247 emerunt
987 2197 1032 2245 ex
1048 2169 1118 2243 illis
1136 2190 1263 2269 ugmm

193 2285 296 2388 figuti
311 2287 358 2361 in
367 2289 591 2389 sepulturam
602 2291 891 2391 peregrinorum.
905 2291 1060 2387 Propter
1073 2285 1142 2359 lroc
1154 2308 1265 2357 voco-

195 2417 253 2476 tus
279 2419 334 2476 est
355 2429 439 2505 ager
464 2405 525 2480 ille
552 2403 844 2480 :Acheldemach
862 2405 941 2504 (2),
969 2402 1041 2478 hoc
1069 2417 1148 2492 est,
1175 2425 1267 2502 ager

192 2520 411 2619 sanguinis,
429 2545 542 2622 usque
560 2521 598 2594 in
620 2520 839 2598 hodiernum
858 2520 968 2595 diem.
991 2519 1052 2592 Sic
1074 2516 1265 2617 impletum

195 2649 250 2707 est
268 2632 371 2734 quod
387 2649 491 2710 autes
506 2635 764 2736 prophetatum
779 2651 832 2711 est
850 2638 865 2735 (
890 2637 921 2734 ).

244 2748 411 2839 Exinde,
430 2752 542 2825 sancti
560 2752 798 2852 Evangelistae
817 2777 902 2853 quae
923 2777 989 2851 per
1010 2750 1165 2823 Pilatum
1182 2773 1266 2822 cum

194 2863 358 2940 Domino
379 2881 476 2967 gesta
501 2885 589 2942 suut
609 2870 767 2944 seriatim
785 2895 953 2945 enarrare
973 2882 1139 2969 satagunt
1145 2894 1157 2956 3
1183 2893 1266 2966 quoe
1296 2875 1298 2879 ’

196 2983 348 3061 studiosi
360 2984 513 3060 lectores
529 2984 663 3061 debent
677 2985 869 3088 diligenter
887 2989 1119 3086 investigere,
1136 3000 1174 3059 et
1189 2985 1268 3056 sin-

195 3097 280 3198 gule
303 3099 376 3172 suis
397 3101 434 3174 in
457 3099 546 3176 locis
562 3099 828 3177 rationabiliter
843 3118 1022 3201 coaptare.
1041 3104 1084 3175 ln
1106 3100 1269 3201 passione

233 3472 245 3543 l
248 3474 275 3544 ι)
291 3469 334 3528 Ge
348 3483 409 3529 mot
424 3473 532 3530 devrait
549 3474 609 3532 etre
622 3477 694 3532 ecrit
705 3476 845 3540 σαώσω
861 3474 970 3550 ἀίριὲι
980 3475 1191 3550 l’orthographe
1202 3473 1272 3549 qu’il

202 3561 333 3631 amivie,
345 3573 427 3619 notre
439 3575 539 3620 auteur
549 3566 653 3623 semble
664 3567 759 3623 l’svoir
773 3566 914 3623 confoudu
925 3585 990 3623 avec
1007 3567 1112 3623 corban
1123 3567 1134 3637 l
1139 3565 1270 3638 donum.

203 3649 298 3726 Voyez
307 3638 459 3728 l'Evangile
471 3652 506 3709 de
518 3655 591 3710 saint
603 3657 694 3726 Marc,
709 3675 766 3726 vn,
785 3677 825 3713 11.

236 3742 276 3812 (α)
294 3740 372 3797 Lisee
383 3739 569 3800 Hoceldama.

236 3827 276 3903 (ὅ)
294 3830 397 3886 Maon.
414 3849 509 3904 nvn,
523 3830 592 3890 3-10
601 3858 609 3902 ;
623 3836 691 3892 Act.
705 3846 808 3910 apost,
829 3855 854 3906 ι,
873 3836 919 3906 18,
936 3836 1275 3912 morimundensis

205 3922 309 3977 'roette
326 3923 802 3997 oemnnuntextedesersmie,
820 3928 870 4003 qui
887 3945 925 3983 ne
942 3945 971 3983 se
989 3926 1275 4001 trouvepssdsnsee

206 4010 289 4083 qu’on
308 4011 426 4086 possode
439 4014 618 4086 aujourd‘hui
631 4015 667 4071 de
679 4034 710 4073 ee
723 4017 868 4093 prophete.
882 4019 920 4074 le
930 4017 990 4075 seul
1002 4035 1115 4094 passage
1129 4017 1178 4093 qui
1190 4035 1209 4091 y
1221 4018 1276 4073 soit

208 4096 374 4244 ιρρίἓωὶιῐο,
389 4105 498 4160 iuotre
511 4105 718 4176 connaissance,
733 4107 918 4181 appartient&
929 4106 1079 4177 zacharie,
1091 4103 1137 4164 ch.
1152 4126 1194 4177 ιι,
1206 4125 1231 4161 r.
1245 4124 1275 4161 ru

209 4196 235 4241 et
250 4206 260 4243 ι
284 4228 292 4242 .
