2894 4958
186 423 248 487 240
462 423 648 488 nlstoats
668 419 977 492 eccttslsstsct.

186 544 277 618 lueis
294 543 638 637 mendosumve,
659 562 697 620 et
712 545 890 648 benignus
908 547 1073 625 fidelium
1087 546 1255 654 suffiags

186 677 247 736 tor
263 661 367 735 illum
384 661 549 737 celeriter
565 661 759 737 exaudivit.
782 663 876 738 Nam
893 680 1002 740 terre
1015 680 1126 741 motu
1141 665 1253 759 sacto,

186 776 353 852 omnium
367 776 511 850 vincula
532 777 648 851 soluta
665 792 769 869 sunt;
788 794 827 854 et
842 782 994 856 carceris
1010 780 1164 857 custode
1180 808 1257 856 cnm

186 895 259 969 suis
285 891 490 994 baptizato,
520 894 614 968 servi
642 894 737 995 regis
763 893 921 972 Sabaoth
945 897 1077 971 Paulus
1106 913 1148 974 et
1175 898 1259 973 Silo

187 1010 293 1088 liberi
310 1009 410 1087 abire
429 1011 592 1112 permissi
608 1026 708 1086 sunt.
727 1012 856 1087 Paulus
869 1011 1022 1088 Athenis
1037 1015 1257 1115 praedicons,

186 1128 460 1205 seminiverbius
475 1155 496 1201 a
515 1127 654 1229 popuio
669 1128 946 1230 cognominatus
963 1145 1040 1221 est,
1058 1144 1100 1207 et
1115 1131 1169 1207 sic
1184 1131 1260 1206 ido-

187 1272 259 1322 neo
284 1245 330 1319 ab
357 1243 561 1319 errantibus
585 1243 763 1321 vocabulo
792 1245 990 1347 appellatus
1014 1261 1088 1355 est3
1113 1270 1139 1357 'e
1164 1248 1261 1350 cnjus

188 1360 307 1438 verbis
322 1362 406 1436 fons
421 1362 507 1435 vitae
524 1362 694 1462 perennis
709 1361 915 1438 sitientibus
933 1362 1137 1457 oriebatur,
1154 1380 1194 1440 ot
1206 1391 1262 1439 ss-

188 1480 275 1553 lutis
302 1503 423 1554 semen
450 1478 622 1554 omnibus
645 1481 825 1581 suscipere
846 1479 1135 1557 desiderantibus
1156 1484 1262 1584 gratis

188 1595 434 1699 spergebatur.
453 1597 546 1669 Cum
564 1597 738 1696 epicureis
754 1614 792 1673 et
810 1600 933 1673 stoicis
948 1598 1178 1700 philosophis
1199 1598 1263 1678 de-

188 1713 340 1788 certarit
348 1766 360 1803 ‚
378 1738 579 1814 rerumque
592 1714 713 1787 Deum
720 1767 732 1804 ‚
747 1739 858 1815 quem
870 1714 1080 1814 Cecropides
1095 1716 1263 1818 ignotum

187 1835 305 1907 Deum
317 1829 595 1933 nuncupabant,
615 1830 829 1932 eloquenter
844 1832 894 1906 eis
914 1832 1264 1908 annuntiantum

189 1951 315 2053 nysius
324 1949 538 2051 Areopagita
553 1975 638 2022 cum
649 1950 794 2023 Demari
810 1973 925 2024 uxore
937 1949 1170 2026 sua'credens
1180 1948 1262 2050 bap

189 2068 318 2142 timtus
329 2081 403 2159 est,
417 2083 455 2142 et
466 2066 579 2140 Paulo
592 2067 688 2139 inter
701 2060 905 2167 praecipnos
915 2082 1069 2169 propter
1078 2067 1264 2168 sapientise

184 2183 407 2284 justitiaeque
430 2181 708 2283 praerogetivam
732 2183 867 2258 amieos
890 2184 1083 2257 associatus
1108 2198 1177 2257 est.
1198 2184 1264 2258 Hic

188 2300 441 2401 postmodum,
462 2314 505 2373 ut
520 2298 694 2373 Aristides
714 2297 945 2374 Atheniensis
960 2301 1105 2390 asserit,
1125 2301 1265 2402 episco-

187 2445 257 2517 pus
279 2415 326 2491 ab
350 2415 477 2491 eodem
496 2416 661 2517 apostolo
681 2416 962 2491 Atheniensibus
981 2418 1174 2492 ordinatus
1191 2433 1261 2509 est,

134 2554 139 2559 ·
190 2546 228 2605 et
246 2547 329 2631 post
348 2530 464 2605 multa
483 2530 664 2604 virtutum
680 2532 835 2633 insignio
852 2532 984 2633 insigni
1001 2532 1186 2634 martyrio
1204 2556 1264 2607 co-

191 2664 343 2724 ronatus
359 2663 413 2724 est
431 2648 502 2749 (r).
522 2648 610 2722 Inde
626 2648 754 2722 Paulus
773 2649 993 2725 Corinthum
1009 2649 1136 2742 venit,
1155 2650 1266 2752 Aqui-

190 2767 262 2840 lam
288 2791 373 2839 cum
396 2765 556 2839 Priscilla
582 2792 696 2841 uxore
722 2791 785 2838 sna
813 2766 1073 2866 praedicantem
1101 2766 1262 2857 invenit,

188 2884 283 2984 apud
298 2909 408 2985 quem
421 2881 572 2983 degens,
588 2882 886 2958 scenofactoriam
904 2899 1019 2960 artem
1027 2938 1039 2972 ,
1057 2886 1096 2958 in
1112 2912 1184 2988 qm
1203 2902 1264 2987 pe·-

189 3004 253 3075 riti
271 3015 395 3091 erant,
414 3001 587 3074 exercuit.
607 2999 662 3073 lbi
680 2999 843 3074 Christos
860 3003 965 3075 illum
980 3002 1195 3094 admonuit,
1219 3027 1264 3076 ne

189 3119 386 3220 praedicare
399 3133 568 3207 cessaret,
588 3143 704 3218 eoque
720 3117 875 3193 fideliter
891 3118 1114 3220 obsequente
1123 3140 1136 3212 ,'
1156 3118 1263 3194 multi

191 3237 354 3312 conversi
368 3251 466 3310 sunt.
567 3326 569 3330 ι
837 3232 841 3237 ’

238 3359 370 3461 Ephesi
388 3357 579 3433 duodecim
593 3359 699 3448 viris,
715 3384 807 3458 quos
824 3359 954 3430 Paulus
972 3359 1009 3431 io
1027 3361 1181 3433 nomine
1195 3361 1263 3434 Do

188 3478 279 3550 mini
301 3476 515 3576 baptizavit,
535 3475 691 3574 Spiritus
709 3475 859 3547 Sanctus
879 3474 1021 3573 replens
1040 3475 1157 3547 varios
1176 3501 1261 3549 mox

223 3852 262 3921 (ι)
281 3848 545 3903 11n‘estnuuement
558 3850 662 3920 prouvo'
674 3866 729 3921 que
740 3846 866 3902 Damaris
880 3849 919 3902 ait
931 3851 975 3903 e'te
986 3847 1013 3902 la
1024 3848 1128 3904 femme
1143 3848 1179 3904 sle
1192 3851 1261 3905 seint

191 3938 277 3992 Derris
291 3936 491 4009 l'Areopagite‚
507 3945 535 3989 et
549 3934 575 3988 le
588 3945 661 3989 terte
673 3935 709 3989 de
722 3937 793 3989 saint
805 3936 862 3989 Luc
871 3946 912 3989 est
924 3935 1014 3990 meme
1027 3953 1083 4008 peu
1095 3935 1261 3992 favorables

189 4037 261 4082 cette
279 4025 403 4100 opinion.
416 4026 493 4080 Tout
511 4042 543 4078 ce
560 4023 644 4096 qu‘on
663 4025 716 4078 sait
733 4024 768 4077 de
787 4025 892 4079 certain
906 4043 955 4080 sur
966 4025 1040 4079 saint
1057 4023 1159 4094 Derris,
1174 4023 1261 4100 parle

189 4119 366 4192 temoignage
386 4113 421 4167 de
438 4132 488 4168 son
505 4113 675 4185 homonyme
692 4114 727 4170 de
744 4114 895 4182 Corinthe,
914 4126 957 4171 est
974 4114 1045 4190 qo’il
1061 4133 1078 4168 a
1096 4119 1144 4172 ete
1161 4117 1259 4192 usqne

188 4207 352 4263 d'Athenes.
365 4201 389 4258 Il
403 4203 491 4275 parsit
506 4211 634 4256 constant
646 4204 719 4258 aussi
732 4204 800 4278 qu’il
813 4224 828 4260 a
843 4203 956 4262 sonffert
967 4205 994 4263 le
1005 4217 1141 4281 martyre.
