2894 4958
189 419 248 479 sto
464 414 648 476 lttsTOIttt
669 414 971 477 Ecctssstssrtct.

235 534 299 605 llis
323 529 740 632 temporibus'Adrianus
761 547 799 607 et
813 534 889 607 Leo
911 560 977 633 per
996 558 1115 609 anuos
1141 558 1248 609 xtvrn

186 648 391 749 apostolicas
404 647 476 722 sedi
491 648 735 748 praefuerunt,
755 647 949 724 admodum
964 648 1072 726 bonis
1086 650 1253 753 operibus

189 769 227 840 in
250 766 444 866 praesulatu
466 764 673 854 fulserunt,
692 783 728 840 et
744 766 903 841 ecclesiae
931 766 997 841 Dei
1020 766 1250 868 prosuerunt.

189 887 293 959 'lunc
307 884 565 961 Constantinus
581 900 618 959 et
630 887 703 958 Leo
711 939 722 974 ,
739 883 899 987 aliusque
914 884 1196 975 Constantinus,
1215 900 1252 957 ut

186 1002 324 1077 dictum
339 1017 412 1090 est,
431 1002 699 1101 imperaverunt
719 1002 788 1101 (r).
808 1003 839 1076 A
856 1016 1020 1101 tempore
1036 1002 1139 1076 enim
1158 1000 1252 1077 Cou-

186 1119 336 1193 stantini
366 1119 486 1218 Magni
516 1118 661 1192 Helenae
695 1118 781 1207 filii,
812 1118 874 1219 qui
903 1117 1254 1217 Constantinopolim

187 1236 372 1326 condidit,
399 1264 512 1337 usque
537 1235 581 1309 ad
606 1253 746 1336 tempus
774 1235 1001 1309 Constantini
1027 1237 1145 1309 Irene
1169 1232 1252 1323 lilii,

187 1354 610 1453 Constantinopolitanus
633 1355 830 1455 imperator
851 1378 1045 1428 muranum
1064 1353 1254 1453 imperium

187 1473 300 1560 rexit,
316 1485 353 1543 et
368 1470 514 1571 lllyrico
529 1469 730 1571 ltaliaeque,
749 1469 944 1570 multisque
957 1469 1034 1542 aliis
1048 1466 1255 1544 nationibus

188 1605 225 1663 et
240 1589 372 1690 linguis
390 1588 551 1689 praefuit.
571 1588 640 1662 Sed
659 1590 744 1689 quia
760 1587 881 1687 plures
896 1616 940 1661 ex
957 1588 1041 1687 ipsis
1062 1589 1256 1687 imperato·

188 1704 289 1780 ribus
305 1705 464 1780 haeretici
483 1704 654 1793 fuerunt,
674 1731 741 1777 nec
758 1704 919 1804 legitimo
934 1705 1009 1777 ritu
1025 1731 1044 1776 a
1060 1702 1202 1803 populo
1216 1702 1256 1777 ad

190 1824 383 1924 imperium
405 1824 560 1923 eligente
581 1823 750 1921 assumpti
773 1837 879 1911 sunt;
899 1821 960 1894 sed
983 1819 1121 1894 crudeli
1139 1820 1257 1893 domi·

190 1969 345 2029 norum,
369 1946 442 2015 sive
460 1943 811 2041 consanguineorum
834 1938 1087 2012 intersectione
1110 1964 1257 2013 suorum

190 2058 373 2159 augustale
402 2075 552 2130 stemma
580 2057 752 2156 nequiter
777 2055 1053 2152 surripuerunt,
1081 2080 1152 2129 nec
1180 2068 1257 2155 apte

191 2173 345 2246 mediam
362 2189 500 2271 partem
516 2187 589 2244 tam
609 2171 691 2242 latae
706 2168 965 2245 dominationis
982 2186 1108 2243 contra
1130 2166 1258 2241 Burlta·

190 2313 251 2361 ros
277 2287 437 2386 undique
463 2288 686 2386 insurgentes
713 2283 919 2359 defendere·
934 2299 1160 2383 potuerunt,
1189 2286 1258 2359 leo

192 2429 302 2501 papa,
328 2418 366 2475 et
389 2418 588 2477 conventus
611 2416 841 2487 senatorum,
870 2399 1068 2501 populique
1095 2398 1256 2487 romani,

193 2538 459 2610 convenerunt,
479 2538 516 2595 et
532 2521 577 2595 de
593 2535 688 2592 statu
701 2517 910 2619 reipublicae
927 2516 1121 2593 salubriter
1138 2532 1259 2592 τηου·

194 2654 326 2711 verunt
335 2667 345 2724 ;
355 2642 555 2740 jugumque
568 2636 963 2736 constantinopolitani
975 2636 1153 2735 principis
1166 2662 1186 2708 a
1199 2658 1258 2708 suo

195 2754 291 2828 collo
307 2756 491 2828 communi
510 2753 662 2829 consilio
678 2750 904 2851 abjecerunt,
925 2766 1189 2851 strenuumque
1204 2776 1260 2823 re-

195 3054 215 3108 il
230 3055 310 3127 s'agit
322 3055 357 3110 ici
370 3066 419 3110 ent
430 3054 486 3109 lieu
499 3074 534 3110 en
548 3054 609 3129 781.
625 3054 662 3107 La
674 3052 810 3126 conquete
820 3051 855 3105 de
869 3050 894 3105 la
907 3050 1036 3116 Burilre,
1047 3057 1077 3102 et
1088 3046 1116 3102 la
1128 3046 1261 3103 reclusiou

196 3144 231 3199 de
245 3146 370 3200 Tassilon
383 3155 411 3200 et
424 3144 517 3200 deson
528 3144 581 3211 fils,
596 3145 833 3218 appartiennentir
843 3141 950 3195 l’annee
963 3138 1024 3215 788.
1035 3136 1083 3193 On
1095 3138 1151 3192 suit
1160 3150 1263 3212 queunt

195 3235 268 3291 deux
281 3237 390 3309 princes
401 3236 514 3290 linirent
525 3235 599 3289 leurs
612 3234 692 3304 jours
706 3231 888 3305 tlumiiges,
906 3231 944 3285 ori
957 3227 1018 3283 leur
1030 3226 1165 3282 tombeau
1177 3225 1263 3281 donus

196 3326 253 3381 lieu
265 3325 328 3400 plus
340 3325 403 3380 tard
416 3328 432 3379 a
450 3324 475 3379 la
492 3323 563 3379 lable
581 3322 629 3377 des
642 3307 779 3378 E'nervefs.
795 3320 948 3374 L'iuvasion
963 3318 1031 3373 dans
1046 3315 1073 3371 la
1089 3317 1184 3390 partie
1196 3312 1264 3371 dcis

196 3415 350 3485 Sclavenie,
365 3434 482 3489 quorum
495 3413 664 3469 vocabulum
678 3422 720 3467 est
739 3409 844 3478 witae,
859 3407 1033 3464 c’est-l-dim
1052 3406 1089 3461 de
1108 3405 1138 3460 la
1156 3406 1265 3461 contr&

197 3507 285 3561 situe'e
297 3524 345 3561 sur
355 3504 381 3559 la
394 3505 451 3559 rive
463 3503 554 3558 droite
567 3503 602 3557 de
612 3501 720 3568 l’Oder‚
734 3501 798 3575 pres
808 3498 843 3553 de
854 3517 903 3553 son
915 3495 1121 3563 embouchure‚
1132 3496 1224 3551 arrisu
1234 3508 1265 3549 n

197 3594 263 3668 789,
281 3604 310 3648 et
322 3592 390 3649 celle
403 3593 438 3648 de
452 3592 477 3647 la
490 3592 616 3665 Hougrie
627 3589 755 3663 jusqu’au
769 3587 847 3642 llaab
859 3604 894 3642 eu
907 3603 969 3661 792.

233 3686 271 3754 (ι)
289 3682 394 3738 Adrion
409 3685 445 3737 1²¹
462 3703 477 3737 a
496 3685 600 3755 occupo
619 3681 645 3736 le
663 3680 824 3750 saint-siege
840 3676 938 3750 depuis
955 3675 980 3729 le
997 3692 1016 3747 9
1031 3674 1135 3728 ferrier
1147 3671 1266 3748 77210*

198 3774 280 3846 qu’au
293 3771 327 3827 25
341 3773 487 3828 decembre
501 3771 565 3847 795,
579 3783 608 3826 et
621 3773 694 3826 Le'on
709 3770 752 3824 lll
763 3767 860 3840 depuis
870 3776 942 3820 cette
955 3763 1084 3818 dernidre
1093 3760 1265 3835 epoquejut·

198 3862 281 3935 qu’au
304 3881 330 3915 ιι
350 3863 413 3934 juin
431 3861 498 3929 816;
518 3880 548 3915 ce
567 3862 615 3935 qui
630 3858 795 3913 n'embrasse
814 3855 916 3929 qu'une
936 3849 1055 3908 e'tendue
1076 3849 1111 3906 de
1130 3860 1223 3921 temps
1235 3844 1268 3901 dt

199 3961 446 4024 quassante-quatre
463 3969 511 4006 ans
529 3961 558 4004 ot
572 3948 705 4023 quelques
721 3946 805 4013 mois,
824 3954 853 3999 et
870 3962 901 3997 va
915 3939 1077 3997 neanmoius
1089 3940 1148 3994 sort
1160 3935 1267 3993 au-dell

200 4039 238 4091 dn
258 4040 343 4111 regne
361 4038 409 4094 des
425 4040 493 4094 trois
510 4055 670 4111 emperours
684 4038 752 4091 cite's
769 4053 819 4107 par
831 4042 912 4086 notre
930 4039 1043 4095 auteur,
1063 4026 1098 4081 de
1117 4026 1268 4081 manieret

200 4126 384 4199 consprendre
398 4147 466 4181 ceux
478 4126 603 4192 d'lriene‚
617 4126 651 4181 de
666 4125 833 4197 Nicephore,
847 4121 882 4175 de
896 4119 1031 4184 Maurico,
1046 4116 1082 4171 de
1094 4114 1201 4171 llliclrel
1213 4114 1270 4171 Cu·

201 4216 338 4288 ropalate,
351 4228 380 4272 ct
394 4235 449 4271 une
462 4218 550 4289 partie
563 4217 599 4271 de
612 4215 683 4270 celui
695 4214 732 4269 de
746 4215 820 4268 Leon
833 4208 1010 4266 l'llrmenicn.
