2894 4958
533 422 650 488 LIBER
670 424 881 490 SECUNDUS.
1182 433 1244 495 257

171 542 339 623 Tandem
369 545 464 618 fideli
496 547 595 620 socio
624 549 674 619 ait
703 578 713 618 t
748 550 891 639 Paule,
919 550 1105 624 modicum
1134 572 1247 656 eaput

171 666 275 767 erige
289 681 324 738 et
338 664 439 738 uide.
463 666 594 738 Paulus
607 692 694 738 vero
711 667 881 768 lacrymis
901 668 1030 768 plenus
1047 686 1154 771 caput
1172 673 1247 748 eie-

173 782 295 868 ravit,
325 780 581 882 Simonemque
604 784 680 880 jum
708 783 746 854 in
775 780 849 857 alto
877 785 1061 859 volantem
1089 787 1181 860 vidit
1210 805 1246 862 et

172 895 250 969 uit:
273 899 400 986 Petre‚
422 896 515 995 quid
538 896 690 970 cessus?
708 898 844 999 perfice
859 901 962 999 quod
980 903 1136 1003 cupisti.
1158 902 1247 976 Jam

172 1016 273 1087 atim
303 1030 415 1088 uocat
445 1040 513 1086 nos
547 1015 729 1087 Dominus
763 1017 870 1091 Jesus
906 1017 1085 1092 Christus.
1120 1025 1246 1093 Petrus

171 1146 297 1207 atatem
317 1147 444 1205 contra
460 1131 646 1206 Simonem
663 1132 856 1231 aspiciens,
875 1134 925 1206 ait
950 1165 958 1206 ε
984 1136 1134 1237 Adjurn
1157 1162 1243 1226 uos,

174 1250 303 1351 migeti
314 1249 488 1338 Saum,
506 1251 572 1349 qui
584 1275 667 1322 eum
670 1252 783 1348 fertis
799 1253 838 1322 in
851 1277 936 1324 uere
954 1251 1010 1324 ud
1028 1252 1247 1353 decipienda

173 1367 364 1443 Ivaunum
394 1367 598 1462 ufidelium
629 1368 745 1442 eorda
754 1423 768 1457 ,
799 1395 870 1469 per
898 1368 1020 1441 Deum
1051 1388 1248 1444 creatorem

175 1484 361 1573 ortuum,
390 1499 425 1555 et
449 1507 522 1584 per
545 1482 746 1556 Dominum
774 1500 936 1555 nostrum
961 1485 1087 1556 Jesum
1119 1485 1248 1558 Cdu's-

175 1614 253 1675 tum
264 1597 394 1701 filium
416 1598 521 1699 ejus,
545 1623 652 1697 quem
674 1600 780 1671 tertia
802 1600 865 1671 dte
887 1601 1075 1674 suscitavit
1098 1629 1123 1673 u
1148 1627 1249 1674 mor-

174 1716 268 1806 tut,
282 1732 322 1790 ut
334 1743 416 1789 eum
427 1742 477 1788 esc
491 1713 564 1788 ltuc
576 1714 666 1788 hora
678 1718 765 1816 jum
779 1714 1014 1812 anteferens,
1036 1717 1104 1789 sed
1123 1720 1249 1790 dentit-

174 1836 277 1909 tutis.

221 1950 411 2026 Continuo
433 1950 472 2024 in
493 1974 581 2023 voce
604 1950 701 2022 Petri
726 1975 769 2021 ex
795 1949 869 2021 alto
895 1950 1078 2040 dimissus,
1105 1952 1142 2024 in
1165 1952 1247 2027 loco

173 2068 239 2171 qui
267 2073 372 2141 Sacra
398 2067 455 2139 via
476 2064 612 2139 dieitur
635 2062 786 2155 cecidit3
819 2082 856 2140 et
882 2067 921 2138 in
946 2081 1104 2168 quatuor
1128 2083 1247 2168 partes

173 2186 330 2274 huus,
355 2200 513 2286 quatuor
536 2183 652 2257 silices
672 2181 857 2255 adunavit.
882 2184 972 2278 Quae
997 2210 1052 2256 res
1077 2188 1246 2284 usquein

174 2299 394 2378 hodiernum
408 2299 505 2373 diem
518 2298 725 2399 apostolicae
742 2299 904 2374 victoriae
922 2299 1172 2374 testimonium
1188 2328 1246 2376 ex·

173 2416 308 2493 hibuit.
337 2420 369 2490 T
371 2443 443 2491 unc
461 2417 507 2490 ad
527 2417 690 2491 sonitum
717 2418 810 2515 ejus,
836 2442 917 2489 cum
939 2418 1099 2516 crepuit,
1117 2418 1246 2492 Paulus

173 2550 284 2637 capnt
298 2535 449 2623 levarit,
471 2537 620 2635 Deoque
637 2537 737 2633 justo
752 2533 866 2632 judici
886 2536 1015 2634 gratias
1036 2536 1122 2635 egit.
1147 2537 1245 2611 Nero

173 2668 297 2728 autem
313 2653 365 2727 ira
381 2679 509 2752 magna
522 2652 650 2752 plenus
664 2653 811 2725 Petrum
823 2668 860 2726 et
873 2651 1024 2724 Paulum
1038 2654 1075 2726 in
1090 2656 1244 2729 vinculis

173 2770 290 2846 teneri
308 2770 408 2843 fecit.
427 2771 568 2868 Corpus
580 2795 669 2843 vero
683 2769 841 2842 Simonis
858 2768 975 2842 tribus
991 2769 1138 2860 diebus,
1157 2775 1243 2847 toti·

170 2886 327 2990 dunque
341 2885 512 2961 noctibus
525 2886 717 2988 diiigenter
731 2886 903 2960 custodiri
924 2889 1110 2987 praecepit.
1133 2891 1244 2962 Puta-

172 3004 236 3080 hst
256 3007 357 3080 enim
373 3004 472 3106 quod
492 3005 597 3078 tertia
614 3003 673 3077 die
690 3018 906 3103 resurgeret.
923 3001 992 3077 Sed
1011 3006 1137 3077 Petrus
1154 3032 1243 3082 asse·

171 3119 320 3199 ruabst
345 3121 446 3222 quod
465 3122 503 3193 in
522 3135 703 3194 aeternum
723 3120 912 3193 damnatus
931 3134 1033 3194 esset.
1058 3121 1242 3221 Apostoiis

173 3239 210 3314 in
221 3239 365 3341 Spiritu
376 3239 511 3312 Sancto
522 3236 821 3338 tripudiantibus,
837 3236 1107 3339 Dominamque
1119 3239 1239 3313 Jesum

171 3357 384 3458 magistrum
396 3381 501 3428 suum
512 3355 630 3455 palam
642 3352 919 3442 confitentibus,
935 3352 1032 3426 Nero
1049 3354 1099 3426 irs
1112 3380 1238 3456 magna

170 3473 331 3574 repletus
351 3471 443 3544 dixit
464 3470 509 3543 ad
529 3470 727 3571 Agrippam
744 3469 956 3569 praefectum
977 3494 1082 3542 suum
1108 3500 1117 3541 ε
1141 3472 1239 3547 Istos

171 3590 335 3665 doutines
369 3588 591 3688 irreligiosos
620 3614 764 3661 necesse
792 3603 844 3659 est
865 3587 1021 3688 perdere
1050 3586 1173 3674 mule,·
1205 3607 1240 3661 et

171 3706 256 3781 ideo
273 3703 397 3778 cardis
398 3703 536 3800 ferreis
548 3703 708 3804 acceptis
714 3757 728 3791 ,
742 3728 804 3775 eos
818 3702 856 3774 in
867 3698 1140 3775 Nuumacbiam
1157 3729 1238 3776 cou-

169 3828 267 3899 tumt'
287 3822 391 3924 jube.
418 3822 579 3921 Agrippa
603 3821 729 3895 dixit:
757 3820 844 3894 Nou
870 3822 1085 3919 congruenti
1109 3846 1236 3893 exem-

167 3943 232 4043 plo
249 3940 438 4044 juberent
453 3940 589 4042 perire.
612 3938 800 4037 Quoniam
813 3935 958 4009 Paulus
975 3937 1146 4009 innocens
1162 3963 1239 4010 esse
1355 3933 1362 3953 ¹

171 4056 333 4144 uidetur,
354 4056 498 4155 justum
527 4069 580 4128 est
609 4069 648 4125 ut
673 4055 710 4125 ei
732 4079 804 4155 pro
834 4050 1100 4153 irreb‘gdositate
1120 4070 1239 4155 ¹eaput

171 4191 388 4277 amputetur.
407 4174 555 4246 Petrum
570 4188 713 4260 autem,
733 4196 776 4243 eo
792 4169 894 4268 quod
908 4167 1143 4243 homicidium
1152 4197 1239 4269 per·-

245 4317 270 4363 1.
1052 4314 1090 4382 ¹7
