2916 4958
211 390 272 453 304
490 392 676 455 HISTORIA
696 393 1001 460 Ecctmnsttct.

211 512 306 584 dum
324 511 620 611 compelleretur,
647 513 773 615 ingens
801 514 910 591 draco
939 518 984 592 de
1009 516 1137 592 subtus
1168 518 1274 596 basin

212 644 338 702 statuae
368 629 477 719 exiit,
509 643 546 703 et
575 629 689 703 filium
702 616 925 731 zpontificis,
958 633 1022 735 qui
1053 635 1276 710 ministrabat

132 844 135 850 ἱ
211 748 332 847 ignem
346 746 530 836 sacrificii,
553 747 748 846 percussit,
773 747 1200 859 duosetiamtrihunos,
1218 753 1276 854 qui

210 865 325 939 eidem
339 865 537 965 provinciae
552 878 754 964 praeerant,
765 892 925 966 quorum
941 868 1106 943 officiales
1117 887 1277 944 sanctum

208 980 416 1083 Philippum
436 980 640 1081 apostolum
665 983 703 1055 in
725 983 880 1058 vinculis
905 984 1090 1060 tenebant.
1115 987 1170 1062 De
1193 985 1278 1060 flatu

207 1117 329 1176 autem
346 1101 514 1174 draconis
530 1126 656 1175 omnes
671 1092 829 1174 morbidi
846 1101 977 1176 redditi
994 1117 1102 1197 sunt,
1114 1119 1159 1178 et
1172 1102 1277 1179 veho·

206 1234 348 1292 menter
370 1233 546 1317 aegrotare
570 1233 776 1318 coeperunt.
807 1221 914 1292 Tunc
936 1219 1128 1322 Philippus
1154 1247 1278 1297 omncs

134 1363 141 1376 ·
206 1334 395 1409 admonuit
413 1336 507 1409 utin
524 1336 725 1410 Dominum
737 1334 948 1428 crederent,
966 1354 1004 1413 et
1019 1339 1179 1415 Martem
1194 1338 1276 1440 deji-

208 1453 340 1526 cientes
365 1452 661 1553 confringerent3
690 1455 737 1527 in·
752 1454 835 1529 loco
858 1471 998 1548 autem,
1027 1458 1065 1530 in
1085 1482 1163 1558 quo
1189 1457 1277 1532 fixus

204 1585 298 1642 stare
317 1568 525 1659 videbatur,
554 1596 700 1644 crucem
719 1574 867 1646 Domini
891 1570 1075 1675 affigerent
1103 1591 1141 1649 et
1167 1575 1277 1676 ipsam

205 1688 409 1763 adorarent.
428 1687 565 1762 Deinde
583 1688 711 1788 adjecit
723 1689 875 1798 quodsi
897 1688 976 1764 haec
994 1707 1205 1792 agerentur,
1229 1693 1277 1764 in·

200 1806 297 1879 firmi
318 1822 549 1890 sanarentur,
572 1807 709 1879 mortui
735 1807 1052 1898 resuscitarentur,
1075 1823 1113 1882 et
1130 1806 1275 1883 lethifer

201 1921 310 1997 draco
324 1923 524 1998 innomine
534 1925 619 1996 Jesu
630 1921 764 1996 Christi
779 1921 980 2023 fugaretur.
999 1924 1106 1996 Tunc
1119 1923 1197 2014 illi,
1212 1923 1274 2025 qui

201 2022 470 2130 cruciabantur,
485 2039 613 2113 dolore
625 2039 739 2112 coacti
757 2040 909 2114 clamare
921 2056 1116 2140 coeperunt
1131 2070 1142 2112 ε
1157 2042 1275 2115 Recu-

196 2175 343 2258 peretur
358 2159 397 2229 in
417 2155 521 2229 nobis
537 2157 671 2244 uirtus,
695 2172 731 2227 et
753 2155 853 2228 hunc
867 2157 1025 2230 Martem
1041 2156 1270 2257 dejiciemus.

120 2365 123 2373 s
199 2275 309 2346 Facto
332 2272 453 2373 itaque
473 2270 640 2357 silentio,
664 2270 848 2369 apostolus
867 2270 1042 2371 praecepit
1057 2269 1211 2345 draconi
1233 2285 1272 2343 ut

199 2391 367 2492 protinus
380 2387 609 2489 egrederetur
621 2388 660 2460 in
674 2388 825 2489 nomine
841 2388 1011 2478 Domini;
1031 2402 1067 2463 et
1085 2387 1270 2463 vadentin

200 2504 382 2579 desertum
411 2502 548 2577 nemini
578 2517 751 2592 noceret,
782 2518 819 2578 et
847 2504 886 2576 in
913 2502 997 2576 loco
1023 2500 1088 2576 uhi
1113 2527 1270 2578 accoesus

200 2621 391 2694 hominum
406 2645 483 2694 non
501 2633 571 2706 est,
591 2616 782 2719 habitaret.
805 2620 913 2691 Tunc
928 2606 1143 2690 saevissimus
1163 2615 1268 2690 dnco

199 2738 310 2812 exirit
333 2755 370 2811 et
396 2733 737 2810 festinanter'ahire
759 2734 875 2833 coepit
903 2749 941 2807 et
967 2733 1063 2807 ultra
1092 2759 1268 2834 nusquam

197 2857 411 2958 comparuit.
431 2854 625 2954 Apostolus
643 2871 764 2928 antem
783 2852 899 2926 filium
922 2851 1124 2952 pontificis,
1146 2866 1185 2926 et
1203 2851 1267 2926 tri-

197 2974 333 3063 hunos,
352 2979 414 3076 qui
428 2972 564 3045 mortui
580 2969 746 3060 fuerant,
766 2971 805 3042 in
824 2970 974 3044 nomine
991 2969 1139 3043 Domini
1157 2974 1267 3043 susci-

195 3093 304 3179 tavit,
320 3114 538 3190 omnemque
552 3085 697 3160 turbam
705 3140 717 3175 ,
728 3113 817 3186 vquae
830 3083 995 3159 morbida
1008 3099 1104 3173 erat,
1124 3086 1264 3175 sanitati

194 3208 366 3283 restituit.
379 3206 547 3280 Universi
562 3231 648 3304 ergo
666 3204 729 3304 qui
743 3202 951 3301 Philippum
964 3201 1171 3301 apostolum
1184 3228 1266 3302 per-

194 3325 307 3400 secuti
328 3338 414 3421 sunt
433 3321 690 3421 poenitentiam
703 3335 873 3420 egerunt,
894 3332 930 3393 et
948 3317 1057 3392 deum
1078 3317 1178 3392 hunc
1193 3343 1264 3392 esse

192 3459 359 3543 putantes
376 3441 524 3514 adorare
543 3437 755 3512 voluerunt.
767 3438 846 3534 lpse
858 3451 978 3509 autem
990 3460 1057 3534 per
1069 3460 1188 3508 unum
1201 3461 1264 3507 an·

196 3587 285 3634 num
309 3585 369 3633 eos
386 3558 524 3658 jugiter
542 3553 686 3647 docuit,
712 3554 833 3653 eisque
854 3550 1024 3624 notitiam
1045 3552 1177 3623 summi
1199 3552 1262 3624 Dei

193 3678 345 3752 solerter
371 3673 587 3761 insinuarit,
619 3687 656 3745 et
678 3671 800 3745 omnia
831 3695 913 3768 quae
942 3666 986 3740 ad
1010 3693 1133 3741 veram
1157 3668 1264 3743 fidem

191 3795 378 3893 pertinent
396 3792 573 3863 instanter
587 3788 624 3860 in
637 3785 806 3860 cordibus
820 3784 1043 3857 credentium
1059 3785 1258 3858 seminarit.

191 3910 303 3983 lllnlta
315 3908 426 4008 igitur
438 3905 550 3978 millia
563 3903 754 3978 hominum
766 3899 1015 3989 crediderunt,
1032 3916 1069 3974 et
1081 3900 1126 3975 ab
1138 3900 1261 3976 eodem

189 4024 352 4125 apostolo
371 4020 539 4122 baptizati
559 4036 657 4092 sunt.

237 4141 422 4240 Philippus
446 4141 564 4239 itaquo
587 4136 769 4237 apostolus
791 4134 904 4238 gratia
927 4134 991 4206 Dei
1011 4132 1259 4233 multipliciter
