2916 4958
574 437 692 499 LIBER
713 436 871 499 PRIMUS.
1198 441 1258 502 169

190 558 328 633 thurius
354 557 466 658 igitur
495 580 560 630 rex
593 557 786 656 Hugonem
814 555 943 630 ducem
969 556 1192 657 Francorum
1221 572 1259 632 et

187 677 388 753 lleuricum
416 674 544 750 ducem
567 674 870 777 Burgundionum
894 674 1128 763 convocavit,
1157 691 1194 749 et
1219 676 1258 749 in

189 793 310 869 hostes
326 793 448 866 irruit.
469 793 660 892 Fugientes
682 818 771 866 vero
789 818 902 893 usque
924 792 1149 867 suessionem
1172 820 1260 892 pen·

189 910 290 1011 sequi
305 934 380 983 uon
398 907 548 982 destitit.
563 907 619 979 llli
637 921 774 998 autem,
789 909 1082 1010 persequentium
1099 925 1258 1004 terrore,

189 1026 351 1101 fluminis
380 1027 522 1100 Axonae
555 1024 696 1099 alveum
731 1026 930 1125 impetuose
963 1027 1111 1127 ingressi
1145 1043 1256 1117 sunt,

189 1143 315 1245 ibique
343 1143 475 1217 vadum
502 1145 701 1218 nescientes
730 1144 879 1245 plurimi
905 1146 1105 1244 perierunt.
1137 1146 1261 1222 Plures

190 1264 312 1364 itaque
337 1288 427 1362 aqua
450 1262 673 1362 consumpsit
695 1289 804 1364 quam
826 1261 983 1364 gladius,
1009 1261 1139 1336 fluvius
1161 1264 1260 1338 enim

190 1380 286 1480 ripas
303 1407 381 1453 suas
404 1379 636 1479 impleveram
657 1378 755 1453 unde
780 1378 915 1454 ibidem
932 1380 1024 1453 tanti
1043 1379 1260 1455 dimersione

190 1499 398 1599 perierunt,
426 1511 468 1570 ut
492 1524 583 1598 aqua
606 1497 826 1572 redundaret
842 1497 1071 1573 cadaveribus
1093 1513 1261 1573 mortuo-

190 1642 287 1689 rum.
311 1614 502 1690 Lotbarius
519 1632 640 1689 autem
659 1643 723 1690 rex
746 1614 862 1689 tribus
886 1614 1011 1690 diebus
1036 1616 1260 1717 totidemque

191 1729 362 1807 noctibus
380 1729 498 1806 hostes
515 1747 724 1807 constanter
740 1746 947 1828 persecutus
959 1747 1012 1804 est
1028 1731 1100 1830 (r)
1121 1729 1262 1805 Deinde

193 1845 334 1946 inipso
360 1873 458 1921 auno
481 1848 652 1947 praelatus
678 1874 742 1921 rex
766 1874 850 1920 cum
876 1846 1093 1945 imperatore
1117 1845 1258 1934 Remis,

192 1979 320 2037 contra
346 1964 572 2040 voluntatem
596 1963 730 2037 ducum
760 1979 796 2038 et
820 1965 996 2038 exercitus
1015 1966 1259 2051 Francorum,

191 2079 397 2180 pacificatus
423 2094 496 2171 est,
521 2083 627 2182 eique
653 2080 949 2182 Lotharingiam,
979 2080 1078 2181 quod
1105 2082 1262 2153 Francos

192 2199 304 2296 magis
318 2199 565 2288 contristavit,
584 2198 732 2299 largitus
744 2203 824 2297 est(
848 2201 877 2298 ).

239 2316 354 2390 Anno
370 2314 416 2388 ab
435 2316 683 2390 incarnatione
699 2317 848 2392 Domini
864 2324 1108 2390 uccccnxxv1⁰
1126 2314 1262 2389 Lotha-

191 2432 267 2505 rius
275 2459 341 2507 rex
353 2447 520 2507 mortuus
530 2447 598 2526 est,
610 2435 777 2508 etRemis
792 2435 831 2507 in
841 2433 985 2508 basilica
1000 2433 1094 2509 beati
1108 2434 1261 2533 Remigii

191 2548 352 2647 sepultus
377 2565 431 2623 est
456 2551 528 2648 (3).
554 2549 757 2625 Ludovicus
780 2577 867 2625 vero
885 2551 980 2625 filins
1006 2555 1080 2651 ojus
1103 2575 1140 2622 x1
1158 2549 1262 2623 annis

191 2690 305 2764 regno
313 2666 452 2763 potitus
464 2681 530 2756 est,
546 2679 583 2740 et
594 2665 786 2741 defunctus
797 2668 834 2739 in
846 2665 989 2740 basilica
999 2668 1111 2739 sancti
1125 2666 1262 2739 Corne-

192 2778 231 2851 lii
239 2781 411 2882 martyris
424 2780 650 2882 Compendio
663 2783 820 2884 sepultus
831 2800 884 2857 est
894 2784 965 2882 (4).
976 2782 1128 2855 Karolus
1142 2798 1262 2854 autem

193 3038 228 3097 de
236 3041 388 3097 l’antienne
400 3046 538 3099 eutonnee
549 3046 565 3098 a
575 3043 761 3099 blontmartre
775 3042 874 3116 parles
887 3042 1016 3097 chantres
1029 3041 1064 3096 de
1075 3040 1241 3112 l'empereur
1255 3063 1261 3093 ε

193 3128 244 3184 Ad
254 3129 445 3204 pompandam
459 3134 586 3186 victorioe
601 3151 662 3187 suoe
679 3132 812 3204 gloriam,
833 3130 878 3185 dit
895 3130 921 3185 la
938 3130 1093 3202 chronique
1112 3126 1147 3182 de
1160 3126 1262 3181 Baudri

192 3215 260 3273 daus
272 3236 313 3273 un
325 3216 393 3291 style
405 3218 565 3273 tout-adast
576 3237 612 3273 eu
624 3230 739 3292 rapport
752 3237 815 3273 avec
827 3218 852 3273 la
865 3219 969 3292 gravite'
983 3218 1021 3271 du
1034 3216 1083 3270 fait
1097 3216 1224 3288 suppose.

225 3305 265 3376 (r)
283 3304 308 3360 Il
319 3325 338 3378 y
351 3325 366 3360 a
378 3308 450 3362 aussi
463 3306 607 3380 beaucoup
618 3305 823 3381 d’exageration
836 3305 904 3360 dans
916 3324 948 3360 ce
961 3322 1084 3377 passage,
1096 3304 1259 3376 emptum,

193 3411 300 3450 maome
309 3414 340 3451 ce
352 3397 401 3470 qui
412 3396 542 3469 precede,
557 3396 608 3452 ala
620 3397 774 3471 chronique
786 3396 931 3470 d‘Hugues
941 3395 976 3450 de
989 3394 1083 3450 Fleuri
1093 3434 1100 3460 ,
1111 3412 1166 3467 quc
1181 3403 1261 3447 notre

192 3493 291 3540 auteur
304 3503 320 3538 a
332 3485 427 3558 copiec
443 3504 544 3542 encore
555 3485 619 3559 plns
635 3486 833 3542 litteralcment
850 3505 885 3542 en
899 3485 1094 3559 reproduisant
1105 3483 1145 3538 lcs
1157 3484 1262 3539 memes

191 3572 254 3628 taio
266 3571 335 3628 dans
349 3592 399 3628 son
411 3573 479 3630 livre
491 3593 539 3628 vn.

224 3663 265 3735 (a)
282 3664 348 3721 Ceci
367 3675 409 3720 est
424 3683 524 3720 encore
543 3666 602 3738 pris
621 3665 688 3720 dans
705 3665 731 3719 la
750 3664 840 3720 meme
858 3665 1022 3739 chronique.
1036 3663 1261 3735 L'arrangement

192 3762 272 3809 entre
283 3752 323 3809 les
333 3753 406 3810 deux
418 3771 584 3829 monarques
593 3765 641 3810 eut
652 3754 709 3808 lieu
722 3773 757 3809 eu
768 3754 832 3828 980.
844 3754 921 3808 Nous
933 3771 1052 3826 pensons
1065 3769 1128 3806 avec
1141 3750 1260 3807 lachro-

193 3842 277 3917 nique
297 3861 416 3900 uxonue
428 3863 484 3918 que
502 3863 533 3900 ce
549 3844 592 3899 sut
609 3848 625 3899 a
643 3843 799 3918 Ingelheim
818 3843 910 3916 plutot
926 3845 990 3917 qu’t
1006 3843 1116 3912 Reims,
1137 3860 1174 3898 on
1194 3841 1261 3897 bien

194 3949 278 4004 super
292 3932 394 3988 Camm
397 3934 521 4006 slaviam
525 3978 533 4004 ,
548 3952 655 3989 comme
666 3934 692 3989 le
705 3934 797 3989 disent
808 3933 847 3989 les
856 3933 995 4008 Franqais.

224 4018 264 4095 (ὅ)
282 4023 320 4077 Le
338 4024 380 4079 roi
399 4025 529 4080 Lethaire
547 4036 662 4080 mourut
678 4025 857 4099 empoisound
877 4044 927 4098 par
945 4043 975 4079 sa
992 4024 1094 4080 lemme
1112 4023 1224 4092 Emma,
1244 4025 1261 4077 a

194 4110 375 4187 Compibgne,
391 4112 417 4169 le
430 4132 446 4170 2
459 4134 533 4171 mars
543 4115 612 4190 986,
625 4126 654 4171 et
666 4116 710 4170 sut
720 4118 831 4171 enterre
843 4119 859 4170 ὲ
871 4116 1047 4176 saint-Remi
1059 4115 1095 4171 de
1107 4114 1213 4170 Reims.

226 4200 265 4273 (4)
282 4202 367 4258 bouis
378 4203 416 4273 V,
426 4202 469 4260 dit
480 4204 506 4260 le
523 4205 671 4275 Faiueant,
689 4209 832 4263 couroune'
847 4209 863 4262 a
880 4207 1053 4281 Compi'egne
1068 4206 1107 4262 dn
1118 4205 1209 4259 vivant
1224 4202 1261 4256 de
