2916 4958
580 450 699 513 LIBER
720 450 879 513 PRIMUS.
1204 458 1264 517 171-

240 571 356 647 Auno
376 571 497 672 itaque
522 569 716 645 dominice
742 570 1003 644 incarnationis
1025 589 1263 664 uccccxcnr,

189 692 301 792 liugo
315 689 392 763 dux
404 689 443 763 iu
455 714 577 788 regem
589 688 711 762 Remis
726 705 858 761 unctus
875 702 941 763 est.
959 688 1099 764 Eodem
1116 707 1264 792 quoque

189 834 291 883 auno
314 804 498 882 Robertus
516 805 611 880 filius
636 810 710 906 ejus
725 832 788 880 rex
810 805 1089 896 ordinatus-est,
1113 821 1151 882 et
1169 811 1267 910 regi-

191 925 293 1000 mine
307 924 411 1026 regni
429 948 570 997 xxxvut
584 925 689 996 annis
705 922 853 996 functos
874 938 928 998 est
944 923 1017 1023 (t).
1040 924 1099 998 Ad
1121 940 1265 999 tantum

190 1043 333 1117 facinus
360 1043 553 1143 Hugonem
587 1040 752 1142 quaedam
781 1042 873 1115 visio
901 1042 1087 1116 animavit.
1115 1043 1267 1116 Sanctus

190 1158 520 1234 euimGuaiaricus
532 1156 686 1258 praefato
701 1158 784 1232 duci
799 1158 835 1231 iu
853 1159 993 1234 Lutetia
1007 1158 1099 1234 urbe
1110 1161 1267 1235 Parisio-

191 1303 279 1350 rum
299 1276 500 1352 constituto
523 1276 712 1376 apparuit,
738 1276 842 1376 eique
858 1278 939 1378 quis
962 1291 1076 1366 esset,
1095 1277 1152 1351 rel
1179 1277 1267 1378 quid

191 1393 321 1482 veliet,
356 1394 395 1466 iu
426 1393 567 1468 somnis·
598 1392 783 1467 euidenter
818 1393 1018 1483 intimavit,
1053 1394 1267 1494 praecipiens

191 1509 360 1584 videlicet
384 1525 427 1582 ut
447 1536 555 1611 super
583 1509 1024 1583 >ArnulfumF1andritam
1051 1536 1133 1584 cum
1162 1537 1268 1586 exer-

192 1629 271 1702 citu
291 1627 559 1728 expeditionem
582 1626 736 1715 faceret,
766 1643 804 1701 et
826 1653 958 1727 corpus
984 1651 1089 1700 suum
1115 1627 1160 1700 de
1181 1653 1268 1702 mo-

191 1743 353 1817 nasterio
376 1740 569 1832 sithiensi,
591 1741 654 1814 ubi
675 1767 806 1842 corpus
830 1744 943 1816 sancti
965 1742 1103 1816 Bertini
1122 1743 1268 1843 requie·

193 1862 263 1936 scit
273 1858 529 1954 ,extraheret,
540 1863 770 1962 -ettegonao
784 1859 960 1936 coenobio
978 1863 1016 1934 in
1035 1861 1264 1936 Vinmacensi

193 2004 288 2080 pago
309 1978 530 2051 restitueret.
550 1981 727 2053 Praeterea
741 1979 909 2079 promisit
929 1978 982 2070 ei,
1000 1980 1029 2051 si
1050 1978 1127 2052 haec
1144 1979 1192 2051 ita
1210 1977 1268 2050 fa-

195 2112 312 2183 ceret,
332 2095 432 2201 quod
450 2097 524 2197 ipse
538 2113 575 2172 et
590 2097 781 2198 progenies
797 2099 873 2198 ojus
890 2122 1003 2197 usque
1018 2095 1062 2169 ad
1077 2096 1267 2196 septimam

194 2213 465 2315 generationem
490 2212 528 2286 in
552 2213 702 2287 Francia
728 2228 908 2314 regnaret.
931 2211 1133 2292 Gratanter
1156 2213 1270 2313 igitur

194 2331 303 2432 lingo
315 2330 468 2430 jussioni
486 2330 627 2430 paruit,
649 2344 686 2404 et
702 2331 840 2430 impetu
856 2328 1084 2403 fortitudinis
1100 2354 1174 2402 suae
1193 2331 1271 2401 Ar-

195 2447 341 2521 nulfum
364 2448 441 2522 Deo
466 2447 612 2522 volente
636 2449 786 2536 terruit3
813 2444 1145 2547 venerabiliumque
1166 2446 1270 2520 viro-

196 2589 281 2636 rum
302 2563 481 2637 Gualurici
504 2577 541 2637 et
556 2563 736 2653 Rioharii,
758 2589 842 2664 quae
863 2590 929 2663 per
952 2562 1143 2664 quemdam
1163 2562 1270 2636 cleri-

196 2707 282 2754 cum
296 2683 448 2755 nomine
461 2678 765 2755 Erchembaldum
773 2734 785 2770 ,
805 2695 952 2780 accepto
972 2680 1109 2781 ingenti
1124 2679 1267 2781 preti0,

196 3022 262 3069 rent
270 3011 384 3089 qualifie
395 3015 467 3069 aussi
476 3010 516 3068 du
528 3013 595 3069 titre
606 3012 643 3069 de
655 3023 745 3068 comte
754 3012 790 3068 de
799 3014 905 3086 Troyes
917 3011 991 3068 etde
1005 3013 1114 3068 Meaux.
1124 3010 1172 3067 On
1184 3027 1269 3084 pense

196 3104 425 3159 commuuimeut
444 3101 545 3177 qu’elle
567 3102 639 3156 avait
659 3120 731 3177 pour
744 3103 821 3158 mere
840 3101 866 3155 la
886 3102 962 3157 reiue
983 3101 1087 3175 Ogive,
1111 3099 1214 3154 marite
1234 3117 1270 3154 en

197 3191 331 3250 oeoeudoe
342 3211 424 3249 noces
435 3195 450 3247 a
463 3211 495 3248 ce
507 3203 599 3248 comte
609 3196 624 3248 a
636 3192 706 3268 tage
718 3193 753 3249 de
765 3194 827 3268 plus
841 3192 876 3250 de
887 3191 1101 3269 quaranta-cinq
1110 3209 1168 3246 ans.
1181 3190 1269 3258 Mais,

196 3283 267 3339 dana
279 3300 379 3352 cecat,
392 3282 445 3338 elle
456 3284 545 3339 sumit
559 3286 604 3339 ete
617 3283 644 3338 la
659 3283 783 3340 materie
796 3296 846 3340 sort
862 3285 943 3340 rnari.
957 3285 1043 3339 Leurs
1054 3282 1176 3350 oufente,
1188 3279 1271 3335 [ouis

196 3383 226 3429 et
237 3372 370 3440 Chsrlea,
388 3373 437 3448 qui
456 3374 635 3447 partagerent
647 3373 708 3430 leur
723 3375 852 3447 captivit&
869 3377 886 3428 t
904 3373 1036 3440 Orloans,
1053 3370 1157 3425 etaient
1169 3385 1270 3424 encore

196 3462 303 3517 vivants
314 3479 351 3517 eu
364 3479 444 3535 1009,
457 3464 565 3537 epoque
574 3463 612 3518 ou
623 3461 656 3517 ils
670 3471 733 3517 sont
746 3462 921 3517 menticnues
932 3479 996 3516 arec
1009 3459 1036 3514 le
1050 3459 1092 3514 roi
1102 3457 1222 3525 Robert,
1233 3474 1271 3513 en

197 3550 256 3608 tete
269 3548 355 3606 d'une
367 3550 476 3608 charte.
746 3554 750 3561 '

232 3642 274 3712 (r)
291 3640 329 3695 Le
341 3638 465 3696 camede
481 3640 598 3714 unguas
610 3641 699 3714 Capet
710 3650 759 3696 eut
770 3639 826 3696 lieu
843 3639 869 3695 le
886 3638 1006 3713 3juittet
1021 3637 1085 3715 987,
1098 3647 1127 3694 et
1142 3637 1214 3693 celui
1231 3634 1272 3692 du

197 3730 241 3786 roi
256 3729 381 3796 Robcrt,
394 3746 445 3786 aon
455 3729 511 3799 fils,
526 3730 629 3786 mosia
641 3728 744 3804 perlui
758 3730 810 3786 tls
824 3747 981 3796 ccurouue,
996 3728 1021 3785 le
1040 3727 1193 3801 1⁸¹jauvier
1204 3727 1269 3802 988.

197 3819 236 3875 1ae
247 3817 337 3874 calcal
349 3817 398 3874 des
410 3821 512 3875 ennoea
523 3818 562 3874 du
575 3830 793 3894 gouvernement
805 3819 841 3876 de
849 3838 882 3876 ce
893 3817 1006 3875 dernier
1015 3818 1126 3892 prinae,
1142 3818 1272 3890 presente

197 3925 249 3981 per
259 3916 343 3963 notre
355 3915 464 3976 autem,
479 3916 522 3962 est
536 3907 658 3978 inexact,
674 3909 728 3964 soit
744 3908 829 3984 qu’ou
846 3927 864 3982 y
882 3923 1051 3981 comprenne
1069 3923 1107 3960 ou
1118 3922 1177 3961 non
1190 3902 1272 3960 celles

198 3997 247 4073 qui
258 3996 301 4053 lui
312 4006 377 4053 tout
394 4015 555 4054 commoneo
571 4016 635 4054 avec
651 4017 702 4055 son
718 4001 798 4073 pere,
816 4017 872 4068 car,
887 3997 957 4052 daus
972 3996 999 4052 le
1014 3996 1136 4070 premier
1148 4012 1206 4061 ms,
1221 4011 1272 4050 sou

198 4090 312 4164 riguae
328 4090 374 4144 e'te
384 4087 420 4144 dc
433 4088 495 4162 plus
511 4087 547 4144 de
558 4087 781 4165 quarente-deux
794 4108 844 4146 ans
856 4100 885 4145 et
901 4087 992 4157 demi,
1007 4097 1036 4144 et
1047 4085 1116 4143 dans
1130 4085 1157 4141 le
1169 4082 1271 4141 second

199 4176 234 4238 de
246 4175 424 4237 trente-trois
436 4194 485 4235 ans
499 4177 569 4234 oeus
577 4177 658 4235 mois.
