2916 4958
190 427 229 489 ts
465 424 649 487 HISTORIA
669 423 976 487 Enetustlsttct.

192 547 240 618 ita
256 544 425 620 desei-ibit
440 576 449 627 ;
464 549 587 631 d'uter
597 564 719 621 noster
733 551 796 647 qui
808 572 845 621 es
859 549 897 619 in
911 545 1031 633 coelis,
1047 546 1255 646 sanctisim-

99 653 102 658 ’
191 680 253 736 tur
263 689 393 737 nomen
412 679 524 736 tuum.
550 664 735 745 Adueniet
758 690 908 764 mgnum
935 680 1047 738 tuum.
1071 664 1162 738 Fiat
1181 692 1255 739 oo-

192 779 314 853 luntas
333 796 396 853 tua
402 835 417 868 ,
435 782 530 853 sicut
546 781 585 852 in
600 779 693 854 coelo
710 782 796 853 etin
809 795 916 853 terro.
933 781 1077 854 Panem
1092 796 1256 873 nostrum

190 897 447 996 quotidianum
460 895 513 971 do
527 897 632 973 nobis
648 897 769 972 bodie.
785 898 838 971 Et
856 897 996 972 dimitte
1008 898 1113 974 nobis
1130 897 1256 972 debita

190 1028 333 1102 nostra,
361 1013 456 1087 sieut
476 1028 511 1085 et
535 1039 603 1086 uos
627 1011 841 1086 dimittimus
864 1012 1084 1086 debitoribus
1106 1015 1253 1087 uostris.

190 1128 243 1199 Et
261 1151 307 1200 ne
323 1133 395 1201 ‘nos
414 1126 571 1199 inducas
593 1131 631 1199 in
650 1131 889 1200 tentationem.
912 1128 987 1200 Sed
1009 1127 1125 1200 libera
1140 1152 1208 1201 nos
1230 1152 1263 1200 u

191 1245 299 1316 malo.
319 1246 452 1316 Amen.
471 1246 513 1316 ln
528 1244 653 1316 'tribus'
665 1244 791 1344 primis
806 1243 1043 1344 petitionibus
1055 1260 1261 1343 poscuntur-

115 1401 119 1404 ·
190 1377 344 1452 aeterna,
368 1361 406 1433 in
429 1359 578 1460 reliquis
601 1376 759 1461 quatuor
775 1361 1006 1460 temporalia,
1029 1385 1113 1460 quae
1134 1376 1256 1432 tamen

121 1491 123 1496 '
190 1474 240 1549 ob
268 1489 403 1548 aeterna
428 1473 676 1574 consequenda
703 1490 789 1549 sunt
818 1475 1012 1550 necessaria
1039 1477 1109 1575 (1).
1137 1475 1257 1549 Porro

191 1590 485 1691 Lucaequinque
507 1590 700 1690 petitiones
723 1590 772 1681 ita
795 1591 1002 1689 complexus
1024 1605 1105 1664 est:
1124 1591 1253 1676 Pater,

190 1707 435 1809 sunotpieetur
457 1734 585 1791 nomen
612 1723 724 1780 tuum.
752 1708 938 1783 Adueniet
962 1732 1112 1806 regnum
1139 1722 1254 1777 tuum.

189 1825 334 1896 Panem
351 1839 513 1907 nostrum
530 1823 783 1922 quotidianum
801 1823 854 1896 du
869 1823 972 1895 nobis
986 1822 1106 1895 bodie.
1124 1823 1177 1894 Et
1190 1821 1256 1894 di-

190 1945 290 2014 mitte
308 1941 410 2015 nobis
419 1958 581 2042 peccatu
597 1957 742 2030 nostru,
759 1942 942 2040 siquidem
959 1956 994 2012 et
1014 1941 1088 2041 ipsi
1099 1938 1257 2012 dimitti-

190 2085 269 2133 mus
285 2059 387 2131 omni
398 2055 546 2129 debenti
558 2056 676 2129 uobis.
698 2057 750 2127 Et
767 2082 812 2129 ue
824 2082 890 2130 nos
909 2057 1066 2131 inducas
1080 2059 1119 2129 in
1137 2072 1257 2129 tenta-

191 2180 336 2250 tionem.
352 2175 447 2253 Ecce
459 2187 596 2271 septem
609 2173 801 2270 petitiones
815 2172 1011 2247 secundum
1025 2172 1253 2270 Matthaeum,

190 2291 405 2365 abbreviatae
420 2303 505 2362 sunt
516 2288 554 2360 in
565 2288 727 2389 quinque
739 2288 936 2385 secuudum
946 2292 1093 2363 Lucam.
1111 2289 1256 2364 Nomen

191 2410 326 2509 quippe
341 2407 406 2481 Dei
424 2404 666 2479 sanctificatur
678 2405 715 2477 in
733 2406 877 2505 spiritu.
892 2407 956 2480 Dei
970 2421 1090 2480 autem
1102 2431 1256 2507 regnum

192 2525 231 2597 in
259 2524 376 2596 carnis
405 2521 669 2596 resurrectione
697 2538 893 2595 venturum
920 2538 986 2596 est.
1016 2521 1153 2597 Deinde
1183 2537 1257 2597 tres

190 2642 274 2716 alias
290 2640 470 2742 adjungit,
485 2639 531 2713 de
543 2665 635 2738 pane
648 2640 882 2739 quotidiano,
897 2639 941 2713 de
952 2640 1163 2715 remissione
1173 2663 1257 2738 peo-

191 2777 375 2848 catorum‚
398 2758 442 2832 de
464 2756 665 2831 tentatione
682 2759 838 2831 vitanda.
864 2760 907 2830 ln
929 2757 983 2831 his
1007 2770 1256 2863 competenter

192 2876 342 2977 intelligi
355 2889 507 2975 possunt
516 2900 754 2975 quaecumque
770 2874 808 2947 in
824 2873 888 2947 hac
899 2889 937 2947 et
948 2873 1015 2946 alia
1025 2874 1098 2949 vita
1112 2864 1257 2948 homitii

191 2992 383 3067 necessaria
396 3005 482 3064 sunt
494 2990 563 3088 (a)
584 2991 741 3089 Rogatus
759 2990 878 3090 itaque
895 2993 994 3064 lesus
1010 3016 1029 3062 a
1044 2989 1251 3090 discipulis:

190 3109 366 3197 Domine,
382 3106 474 3180 doee
489 3131 556 3178 nos
569 3132 692 3196 orare,
712 3132 788 3179 non
802 3106 920 3179 solum
932 3105 1087 3182 formam
1104 3105 1251 3196 orandi,

190 3222 251 3296 sed
268 3222 476 3305 instantiam
489 3219 799 3321 frequentiamque
817 3220 926 3294 tradit
941 3219 1083 3296 orandi.
1103 3222 1156 3294 De
1167 3247 1255 3319 per-

190 3339 582 3416 severantiamationis
605 3336 752 3411 assiduae
775 3365 857 3413 suos
878 3338 1066 3425 admonet,
1090 3354 1127 3412 et
1149 3339 1253 3412 amici

192 3472 263 3528 tres
284 3480 392 3553 panes
411 3453 527 3528 media
546 3467 653 3529 nocte
679 3454 834 3553 petentis
857 3452 1063 3552 parabolam
1085 3451 1251 3542 exhibet3

191 3571 404 3671 petendum,
424 3568 680 3670 quaerendum,
701 3569 918 3667 pulsandum
936 3568 1135 3668 persuadet.
1158 3571 1256 3644 Hor-

192 3703 289 3760 tatur
315 3687 413 3759 enim
439 3700 560 3784 petere
587 3687 707 3788 epulas
732 3686 835 3764 verbi
862 3688 950 3775 Dei,
978 3687 1110 3788 quibus
1138 3687 1255 3760 alatur

191 3803 346 3892 amicus,
375 3801 411 3876 id
437 3819 490 3875 est
509 3803 677 3891 animum
707 3829 870 3903 quaerere
895 3803 1072 3892 amicum,
1102 3804 1166 3903 qui
1194 3804 1256 3876 det

190 3918 395 4009 affluenter,
421 3917 457 3989 id
482 3932 535 3990 est
559 3917 760 3992 Dominum
768 3946 778 4004 ς
800 3917 940 4016 pulsare
965 3904 1099 3993 ostium
1122 3916 1255 3991 divinae

225 4191 264 4259 (ι)
279 4188 378 4242 matth.
395 4205 437 4257 vt,
451 4185 527 4260 9·15.
542 4218 573 4228 -
585 4190 625 4259 (a)
638 4187 703 4242 Luc.
718 4206 759 4255 ιι,
775 4192 834 4255 Μ.
