2894 4958
570 406 686 469 tlssnu
707 405 864 468 PRIMUS.
1207 403 1242 470 81

182 530 294 601 struis
308 527 480 627 templum
495 525 586 613 Dei,
607 542 641 597 et
656 527 694 597 in
710 526 831 598 triduo
851 523 946 595 illud
957 524 1159 626 reaedificas
1174 529 1189 625 (
1214 529 1243 627 )

184 645 301 721 Salva
331 645 567 745 temen‘psum.
594 642 639 715 Si
664 642 786 714 Filius
810 641 885 713 Dei
908 667 969 729 es,
995 640 1175 716 descende
1202 647 1249 717 de

185 789 306 836 eruce.
1110 851 1114 859 Ι

234 879 338 953 Unus
356 893 495 964 autem,
516 875 712 949 secundum
728 882 881 966 Lucam,
901 872 1017 949 dehis
1039 877 1100 976 qui
1118 877 1252 975 pende*

183 995 276 1069 bant
297 992 519 1083 latronibus,
549 991 817 1094 blasphemabat
843 1020 945 1083 eum,
972 995 1092 1068 dicens
1114 1022 1122 1063 τ
1146 996 1192 1070 Si
1212 1014 1253 1070 tn

187 1140 226 1186 es
251 1112 413 1186 Christus
417 1170 430 1202 ,
452 1112 556 1186 salva
575 1113 800 1210 temetipsum
821 1129 856 1183 et
872 1138 951 1184 nos.
968 1112 1071 1186 Alter
1086 1139 1173 1188 vero
1193 1115 1254 1188 in-

187 1228 356 1331 crepabat
371 1256 480 1331 ⁷eum,
503 1228 625 1302 dicens
645 1256 654 1297 τ
674 1229 803 1328 Neque
822 1245 860 1299 tn
877 1230 979 1301 times
997 1229 1136 1321 Deum,
1158 1234 1257 1332 qnod

188 1351 229 1421 in
253 1347 382 1422 endem
401 1332 644 1419 “damnatione
666 1344 738 1418 es?
759 1346 839 1419 Nos
860 1345 1007 1445 quidem
1023 1347 1146 1446 juste,
1168 1374 1257 1422 nam

188 1465 307 1565 digua
318 1461 440 1564 sactis
461 1466 657 1565 recipimus
663 1497 681 1550 ‚·
705 1463 875 1536 hisvero
899 1462 992 1534 nihil
1017 1464 1110 1536 mali
1128 1469 1254 1566 gessit.

189 1583 240 1655 Et
250 1579 391 1668 dicebat
406 1581 450 1652 ad
464 1581 587 1653 Jesum
604 1611 612 1650 ε
629 1579 805 1667 Domine,
821 1595 998 1651 memento
1012 1581 1085 1650 mei
1096 1579 1183 1652 dnm
1196 1609 1258 1654 oe·

189 1701 287 1773 neris
298 1701 336 1771 in
347 1725 496 1798 regnum
510 1714 623 1770 tuum.
636 1697 735 1769 Dixit
748 1696 800 1767 illi
812 1697 911 1769 Jesus
922 1725 930 1764 :
943 1697 1061 1768 Amen
1072 1696 1158 1771 dico
1172 1699 1256 1771 nbi:

191 1815 302 1889 hodie
313 1841 454 1887 mecum
468 1815 537 1886 eris
555 1815 595 1884 in
607 1811 796 1885 Paradiso
815 1813 830 1910 (
855 1813 885 1910 ).

226 1930 392 2006 -Stabant
403 1935 505 2029 juxta
521 1956 665 2003 crucem
677 1931 760 2003 Jesu
772 1946 887 2003 mater
899 1933 992 2029 ejus,
1008 1948 1045 2004 et
1060 1958 1165 2005 soror
1179 1960 1259 2005 ma-

191 2050 259 2122 tris
281 2052 355 2147 ejus
382 2048 496 2120 Maria
517 2045 705 2147 Cieophae,
732 2061 768 2119 et
789 2045 899 2118 Maria
921 2045 1139 2144 Magdalene.
1168 2049 1261 2121 Cum

192 2165 339 2240 vidisset
372 2192 458 2268 ergo
486 2168 585 2240 Jesus
609 2182 762 2238 matrem
795 2181 832 2236 et
860 2162 1076 2264 discipulum
1105 2182 1260 2240 stantem

192 2310 303 2384 quem
319 2282 505 2383 diligebat,
524 2280 615 2354 dixit
636 2281 742 2352 matri
766 2305 864 2352 suae:
888 2280 1035 2368 Mulier,
1062 2281 1261 2382 eceefilius

194 2417 291 2474 tuns.
303 2398 440 2473 Deinde
450 2397 543 2471 dixit
555 2396 731 2495 discipulo
742 2428 750 2468 ι
761 2398 862 2469 Eece
873 2414 1071 2472 molentun.
1084 2401 1134 2472 Et
1146 2425 1189 2473 ex
1201 2400 1260 2472 illa

193 2515 285 2593 hora
298 2517 524 2617 accepiteam
536 2515 731 2615 discipulus
745 2515 783 2588 in
797 2518 891 2614 sna(
918 2517 947 2614 ).
1120 2515 1121 2525 ’

243 2635 274 2708 Α
295 2650 392 2706 sexta
414 2631 500 2705 hora
528 2631 687 2706 tenebrae
708 2631 813 2704 factae
832 2649 917 2705 sunt
935 2661 1041 2732 super
1059 2635 1262 2709 universam

195 2769 331 2826 tenum
340 2749 510 2850 usquead
523 2747 651 2822 horam
664 2774 819 2834 nonam,
835 2765 872 2820 et
882 2749 975 2820 circa
987 2748 1112 2822 horam
1126 2777 1263 2824 nonam

194 2867 362 2942 clamavit
381 2868 480 2977 Jesus
498 2892 587 2942 voce
607 2892 751 2966 magna,
772 2865 893 2937 dicens
914 2896 923 2935 ε
943 2865 1011 2937 Eli
1013 2921 1026 2954 ‚
1046 2866 1129 2957 Eli,
1149 2866 1263 2938 lama-

197 2984 435 3061 zababdani?
460 2983 529 3058 hoc
551 3001 604 3058 est
628 3015 637 3055 ε
659 2985 761 3055 Dens
792 3009 912 3072 mens,
944 2984 1045 3056 Dens
1073 3010 1173 3056 mens
1182 3041 1195 3074 ,
1227 3002 1265 3055 ιιι

197 3103 290 3205 quid
297 3103 543 3202 dereliquisti
563 3101 646 3174 me?
672 3102 795 3173 Postea
825 3101 939 3173 sciens
963 3102 1062 3174 Jesns
1087 3102 1263 3201 quiajam

197 3219 321 3294 omnia
344 3235 589 3291 consummata
610 3234 712 3304 sunt,
745 3232 787 3286 ut
810 3232 1119 3296 consummaretur
1146 3218 1265 3315 Scrip-

195 3353 292 3425 tura,
304 3335 397 3409 dixit
409 3367 419 3409 ι
433 3335 462 3408 S
465 3338 543 3409 itio.
556 3334 626 3410 Vas
635 3361 721 3435 ergo
730 3335 889 3433 positum
901 3350 978 3406 erat
988 3350 1088 3408 aceto
1099 3334 1260 3433 plenum.

196 3451 255 3527 lili
269 3468 393 3526 autem
405 3451 591 3553 spongiam
608 3468 707 3525 aceto
724 3450 869 3549 plenam
885 3448 1040 3548 hyssopo
1063 3451 1264 3549 circumpo-

196 3586 326 3645 nentes
335 3622 348 3659 ,
363 3569 419 3642 ori
433 3572 507 3668 ejus
525 3566 752 3641 obtulerunt.
771 3567 821 3638 Et
841 3565 996 3637 clamans
1010 3591 1098 3639 voce
1114 3592 1260 3667 magna,

230 3833 273 3907 (i)
282 3829 369 3889 ¹Non·
379 3848 464 3886 avons
478 3831 548 3885 snivi
566 3830 602 3885 ici
614 3830 641 3885 le
654 3840 727 3885 texte
744 3829 779 3884 da
791 3828 818 3884 la
830 3827 907 3884 Bible
919 3839 947 3883 et
959 3827 994 3883 de
1006 3827 1130 3883 l’aditiou
1150 3827 1185 3883 de
1202 3829 1262 3882 Du-

200 3918 310 3979 ΜΕ.
323 3920 363 3976 Le
372 3919 525 3974 mauuscu't
541 3905 797 3974 deSaiut-Evroult
807 3926 887 3990 porte
898 3915 1016 3971 destruit
1030 3926 1058 3970 et
1071 3915 1233 3990 reaedificat,
1248 3920 1264 3971 ὰ

201 4006 226 4067 h
237 4010 383 4067 minemo
393 4025 540 4083 penouue.

226 4100 276 4175 (Β)
290 4099 395 4158 lnth.
410 4119 506 4168 mn,
521 4096 620 4167 384ss
640 4100 725 4154 Marc.
742 4118 792 4164 xv,
812 4096 914 4173 27-323
932 4098 998 4152 Luc.
1012 4113 1103 4167 xxiii,
1118 4092 1213 4170 39·⁴3·
1231 4122 1264 4137 ψ·

203 4186 352 4263 (ὅμοια.
364 4206 429 4260 xix,
444 4187 536 4264 25·a7.

273 4304 304 4367 ι,
1098 4275 1123 4344 6
