2916 4958
264 420 322 480 192
536 413 724 476 HISTORIA
744 413 1053 476 ECCLESIASTICA.

309 536 491 612 vssrmn
527 538 707 635 majorum
741 550 976 636 prosecutus,
1007 535 1334 639 chronographiam

260 654 420 728 scribere
432 653 590 743 tentavi,
600 656 747 756 jamque
767 654 804 727 in
823 654 945 753 primo
961 653 1207 728 ecclesiasticae
1225 653 1337 730 histo-

261 773 326 845 riae
336 770 431 844 libro
448 767 581 844 lineam
597 769 870 844 narrationisab
884 769 1132 845 incarnatione
1143 771 1336 847 Salvatoris

262 886 448 975 inchoavi,
467 902 505 960 et
521 912 588 985 per
602 885 732 960 seriem
750 886 1011 986 imperatorum
1027 901 1065 958 et
1079 904 1207 987 regum
1223 913 1337 988 usque

263 1007 302 1080 in
326 1005 544 1081 hodiernum
566 1005 661 1078 diem
687 1003 862 1104 perduxi,
886 1030 961 1105 qno
988 1006 1143 1079 loannes
1165 1023 1337 1106 augustus

193 1113 199 1133 ⁸
247 1122 377 1196 -Alexii
395 1120 491 1194 filius
516 1135 648 1220 praeest
666 1119 1006 1219 Constantinopoli,
1030 1119 1222 1194 Lotharius
1249 1145 1338 1195 vero

261 1239 472 1313 dominatur
480 1236 689 1310 Alemannis
703 1290 714 1326 ,
730 1235 933 1310 Ludovicus
947 1238 1115 1328 Francis,
1133 1237 1338 1338 Stephanus

239 1354 407 1458 'Anglis,
426 1372 463 1430 et
474 1346 657 1456 Remigius
673 1356 938 1431 err-monachus
951 1357 1118 1457 Hispanis
1136 1358 1152 1456 (
1161 1357 1209 1455 r).
1228 1356 1337 1430 Nunc

156 1550 160 1557 ,
260 1488 383 1546 autem
397 1472 435 1544 in
449 1471 626 1560 secundo,
642 1471 835 1545 auxiliante
856 1472 950 1564 Deo,
974 1471 1019 1546 dc
1037 1472 1168 1545 sanctis
1187 1486 1338 1571 aposto-

263 1587 308 1662 lis
336 1602 373 1661 et
394 1586 599 1687 apostolicis
624 1586 711 1659 viris
732 1613 752 1659 a
774 1586 900 1686 priscis
926 1585 1138 1662 doctoribus
1161 1586 1276 1677 edita,
1300 1601 1338 1661 et

260 1703 736 1806 abantigraphis(2)scripta
749 1703 938 1779 considero
945 1734 956 1796 3
968 1720 1005 1779 et
1014 1732 1143 1780 eornm
1151 1720 1249 1806 gesta
1259 1704 1339 1780 bre·

261 1822 357 1897 viter
375 1846 569 1923 congerere
588 1837 743 1922 appeto,
762 1837 876 1922 prout
887 1821 1001 1896 divini
1015 1824 1162 1924 spiritus
1171 1821 1340 1898 mihimet

262 1937 486 2013 intimaverit
509 1938 713 2035 inspiratio.
748 1939 801 2012 De
830 1937 1066 2036 pontificibus
1088 1939 1270 2029 romanis,
1301 1953 1340 2013 et

264 2082 390 2131 eorum
409 2057 447 2130 in
466 2057 570 2130 vinea
587 2054 744 2131 Sabaoth
765 2055 1062 2156 cooperatoribus
1091 2054 1184 2131 libet
1209 2059 1340 2132 seriem

262 2173 456 2274 diligenter
480 2173 717 2271 perscrutari,
745 2188 781 2246 ct
806 2173 922 2245 veraci
948 2173 1045 2273 stylo
1069 2172 1174 2247 sociis
1191 2172 1227 2257 id
1242 2200 1263 2247 a
1281 2199 1341 2248 me

261 2286 494 2389 poscentibus
512 2287 664 2387 profari.
688 2286 878 2361 Antistites
902 2315 1031 2389 nempe
1051 2289 1194 2362 romani
1214 2315 1235 2362 a
1253 2287 1341 2363 bea-

264 2406 404 2480 tissimo
415 2405 543 2495 Petro,
564 2406 621 2478 cui
639 2406 808 2504 primitus
824 2405 1028 2480 dictumest
1045 2407 1238 2481 aDomiuo
1256 2408 1341 2481 Jesu

265 2520 436 2597 Christo:
460 2521 547 2594 Tibi
561 2521 660 2595 dabo
678 2522 798 2596 claues
817 2524 924 2622 regni
941 2523 1113 2596 coelorum
1120 2580 1135 2613 ,
1159 2548 1273 2623 usque
1295 2520 1341 2595 ad

264 2640 522 2714 Innocentium
555 2665 705 2739 papam,
733 2639 796 2740 qui
825 2653 957 2738 praeest
986 2637 1093 2715 hodie
1130 2639 1340 2739 apostolicae

263 2756 357 2849 sedi,
374 2782 457 2831 cxiv
477 2770 750 2856 computantur.
770 2759 823 2830 De
842 2754 896 2828 his
917 2754 1107 2846 omnibus,
1124 2781 1285 2856 quorum
1301 2756 1340 2829 in

263 2873 371 2976 gestis
382 2872 600 2975 pontificum
614 2873 746 2947 inserta
764 2889 818 2946 est
828 2874 968 2947 mentio
980 2926 991 2962 ,
1011 2873 1050 2946 in
1064 2875 1229 2975 sequenti
1243 2872 1340 2947 libro

263 2991 400 3095 aliquid
416 2992 603 3094 propalare
617 3006 787 3092 peropto.

265 3244 414 3302 tendraita
428 3262 547 3319 prouver
559 3262 615 3318 que
627 3253 699 3300 cette
712 3244 802 3317 partie
818 3243 858 3298 du
874 3241 1027 3297 manuscrit
1045 3259 1081 3295 ne
1098 3241 1280 3296 remonterait
1292 3257 1341 3315 pas

264 3333 378 3391 nu-delh
391 3333 426 3389 de
443 3338 519 3401 ¹1⁴¹·

298 3423 338 3495 (r)
354 3424 424 3478 Jean
436 3421 580 3477 Comnene
598 3440 614 3475 a
626 3423 712 3494 regne
724 3420 823 3495 depuis
842 3419 868 3474 le
889 3418 920 3475 15
933 3418 999 3475 aoht
1018 3418 1084 3474 1118
1093 3418 1225 3494 jusqu’au
1244 3416 1261 3475 8
1274 3417 1341 3474 avril

268 3508 346 3578 1143.
365 3513 402 3566 Lc
413 3529 584 3584 personnage
597 3529 652 3584 que
670 3521 750 3566 notre
768 3521 867 3565 auteur
879 3508 986 3584 appelle
1003 3508 1098 3576 Remi,
1114 3510 1157 3587 roi
1170 3508 1339 3582 d’Espagne,

263 3611 308 3656 est
321 3599 433 3655 Ramire
446 3601 486 3666 11,
503 3601 544 3655 roi
554 3599 708 3674 d‘Aragon‚
723 3603 884 3655 surnomme
894 3619 929 3656 en
942 3599 1041 3655 effetle
1054 3600 1164 3667 Moine,
1179 3618 1261 3672 parce
1273 3599 1341 3674 qu’il

264 3690 308 3746 lut
320 3691 375 3744 tire
391 3689 459 3744 d'un
472 3701 590 3745 convent
603 3693 682 3765 apres
699 3691 724 3745 la
741 3700 816 3746 mort
833 3691 868 3745 de
885 3709 935 3745 son
952 3691 1025 3745 frere
1041 3708 1114 3763 pour
1130 3700 1241 3744 monter
1254 3708 1302 3744 sur
1315 3690 1342 3744 le

264 3781 360 3845 trono,
372 3779 441 3854 qu’il
453 3799 557 3850 occupa
568 3781 697 3855 jusqu'cn
720 3779 795 3856 1137.
810 3782 891 3836 Cette
904 3780 1064 3835 conclusion
1078 3800 1093 3834 a
1105 3782 1150 3835 ete
1163 3781 1249 3833 (erite
1262 3789 1341 3832 entre

264 3870 291 3925 le
302 3882 522 3927 conrnunement
534 3861 681 3927 d’Etienne
693 3871 743 3934 (26
752 3871 900 3926 decembre
915 3868 981 3926 1135
988 3872 997 3942 l
1007 3881 1035 3926 et
1048 3869 1075 3926 la
1090 3868 1217 3925 nouvelle
1227 3868 1262 3922 de
1273 3866 1341 3921 l'ub·

264 3958 387 4014 dication
397 3959 433 4014 dc
444 3959 566 4029 hamne,
579 3961 651 4016 aussi
661 3961 726 4015 bien
739 3979 795 4035 que
804 3960 839 4015 de
849 3960 875 4014 la
885 3970 960 4015 mort
971 3959 1005 4014 de
1017 3960 1145 4014 Lothaire
1156 3961 1185 4029 (4
1193 3955 1341 4012 decembre

269 4046 360 4125 1137),
375 4067 424 4121 par
437 4051 607 4123 consequent
619 4059 717 4124 quatre
733 4067 782 4103 ans
796 4050 914 4104 environ
928 4058 1009 4103 avant
1020 4047 1060 4102 les
1069 4046 1142 4102 deux
1155 4043 1341 4120 paragraphcr

264 4139 443 4213 precedente,
457 4142 507 4215 qui
519 4151 569 4197 ont
581 4142 625 4197 ete
638 4139 785 4196 intercades
797 4138 859 4213 plus
874 4138 946 4195 tard.

300 4229 338 4300 (a)
356 4229 549 4303 Antigrapbus
560 4251 567 4283 x
580 4231 707 4303 scriptor,
719 4229 916 4285 cancellarius.
927 4226 999 4282 Duc.
1017 4224 1110 4282 Gloss.
