2894 4958
538 438 886 502 LtssltusEctJttDUs.
1189 441 1248 501 297

180 563 345 639 domsdae
356 563 536 662 jejunium
553 586 655 661 agere
672 559 857 659 praeccpit.
877 557 959 650 Quo
976 557 1139 656 expleto,
1158 556 1249 657 bap-

181 682 306 754 timuit
321 707 400 769 eos,
419 706 503 752 cum
519 680 618 753 omni
632 677 814 778 parentela
832 692 868 750 et
886 677 1075 765 affinitate,
1092 674 1249 750 famulis-

180 824 254 898 que
278 798 362 870 suis.
387 796 443 870 Illi
469 813 588 870 autem
612 796 733 868 omnia
756 795 954 867 simulacra>
969 792 1181 893 fregerunt,
1212 809 1249 867 ct

180 913 365 988 basilicam
381 913 586 989 innomine
608 912 720 985 sancti
743 912 914 1000 Joannis‚
940 910 977 984 in
1000 936 1071 1010 qua
1094 910 1168 1008 ipse
1190 936 1249 980 as-

181 1046 345 1131 sumptus
362 1045 433 1118 est,
452 1028 731 1103 fabricaverunt.

231 1149 323 1222 Cum
344 1147 468 1222 beatus
492 1149 647 1222 Joannes
672 1164 762 1221 esset
786 1172 967 1221 annorum
993 1145 1189 1247 nonaginta
1213 1160 1249 1218 ct

182 1255 315 1340 novem
340 1265 416 1364 (1),
437 1264 602 1364 apparuit
619 1265 650 1337 ci
667 1264 964 1338 Dominus-deses
986 1263 1148 1335 Christus
1165 1287 1248 1334 cum

180 1382 365 1483 discipulis
385 1382 456 1454 suis
474 1396 511 1455 et
526 1380 618 1454 dixit
639 1383 671 1454 ei
696 1411 705 1452 ε
728 1383 828 1456 Veni
842 1381 897 1454 ad
910 1406 985 1472 me,
1005 1385 1093 1480 quia
1109 1395 1250 1480 tempus

181 1516 245 1572 est·
260 1514 311 1571 nt·
324 1498 481 1599 epuleris
506 1500 545 1570 in
570 1500 731 1572 convivio
757 1525 837 1571 meo
858 1525 941 1572 cum
952 1497 1139 1596 fratribus
1164 1498 1247 1571 tuis.

182 1614 340 1714 Surgens
370 1628 490 1687 autem
518 1615 673 1689 Joannes
685 1668 696 1702 ,
729 1614 843 1713 coepit
873 1616 939 1689 ire.
974 1613 1042 1688 Sed
1073 1614 1250 1688 Dominus

181 1728 277 1804 dixit
302 1731 334 1804 ei
365 1761 373 1803 :
399 1731 600 1804 Dominica
625 1733 894 1804 resurrectionis
919 1757 1037 1823 meoe,·
1058 1756 1142 1830 quae
1161 1748 1251 1833 post

182 1850 343 1950 quinque
368 1849 598 1946 diesfittura
621 1864 694 1938 ert,
722 1852 775 1922 ita
794 1851 917 1922 venies
938 1849 993 1921 ad
1012 1875 1080 1921 me.
1100 1850 1251 1920 Etcum

182 1963 262 2038 haec
277 1963 442 2055 dixisset,
469 1965 566 2040 coelo
581 1981 746 2064 receptus
763 1981 830 2038 est.
849 1964 1026 2039 Veniente
1050 1965 1171 2065 itaque
1192 1962 1259 2035 dic¹

182 2081 364 2156 dominica
371 2115 389 2171 ,·
408 2083 580 2168 contenit
600 2081 645 2154 ad
668 2083 845 2156 Joannem
864 2082 1028 2156 universa
1055 2079 1250 2157 multitudo

184 2199 220 2273 in
238 2199 384 2274 ecclesia
407 2227 490 2301 quaa
508 2201 545 2273 in
562 2204 637 2298 ejus
654 2201 802 2274 nomine
822 2199 942 2275 fuerat
960 2199 1153 2288 fabricata3
1176 2215 1213 2273 et
1231 2227 1250 2272 a

182 2317 306 2415 primo
329 2317 514 2417 pullorum
539 2335 647 2390 cantu
668 2342 774 2418 agens
799 2318 966 2418 mysteria
994 2318 1078 2406 Dei,
1105 2341 1252 2390 omnem

182 2432 362 2532 populum
379 2432 550 2534 usquead
567 2432 694 2508 horam
716 2433 787 2507 diei
812 2435 954 2507 tertiam
980 2432 1156 2506 allocutus
1174 2447 1247 2518 est,

184 2547 305 2623 dicens
324 2579 333 2620 ε
354 2550 505 2622 Fratres
528 2565 564 2622 et
589 2553 751 2624 conserui
772 2552 861 2641 mei,
886 2550 1047 2625 ltoeredes
1072 2565 1107 2625 et
1120 2551 1261 2652 parti-

185 2667 285 2766 cipes
296 2667 403 2765 regni
412 2665 504 2755 Dei,
521 2669 729 2766 cognoscite
743 2667 943 2741 Dominum
955 2683 1115 2741 nostmm
1126 2666 1253 2739 Iesum

189 2779 394 2869 Christum,
413 2796 571 2880 quantas
587 2783 736 2855 critutes
742 2796 913 2882 ,quanta
923 2781 1125 2882 prodigia,
1142 2783 1262 2882 signa·

186 2923 329 2998 quoque
345 2913 379 2971 et
394 2897 639 2988 chansmata,
657 2899 823 2972 similiter
836 2915 870 2972 et
889 2898 1105 2972 doctrinam
1110 2924 1182 2999 per
1196 2925 1254 2971 me

186 3014 291 3089 vobis
307 3016 540 3115 praestiterit·
550 3017 778 3088 Perseverate
794 3040 880 3114 ergo
897 3017 936 3087 in
953 3016 1034 3115 ejus
1050 3013 1260 3089 mandatis·

186 3131 249 3205 tte
268 3135 399 3205 etenim
415 3132 594 3204 Dominus
609 3134 696 3232 jam
714 3131 771 3204 de]
782 3132 851 3206 ltoc
875 3134 1013 3207 mundo
1030 3160 1177 3207 uocare·
1188 3132 1251 3206 di-

183 3264 347 3344 gemtum·

227 3368 320 3440 Post
331 3363 426 3455 haec,
435 3370 538 3464 juxta
550 3366 661 3440 altare
670 3365 877 3466 quadratam
883 3366 990 3465 jussit
999 3365 1139 3440 foveam
1153 3364 1250 3452 fieri,

181 3498 223 3556 ct·
234 3484 463 3581 temmzejus
479 3481 575 3556 foras
591 3481 775 3579 ecclesiam
790 3482 933 3581 projici.
953 3480 1150 3556 Deindein
1163 3506 1262 3554 cam·

179 3597 389 3687 descendit,
418 3615 455 3673 et
478 3626 604 3672 manus
631 3626 709 3672 suas
734 3599 936 3698 expandens
961 3599 1004 3671 ad
1028 3599 1250 3686 Dominum,

177 3712 277 3789 dixit
303 3745 312 3786 z
335 3716 513 3789 Invitatus
531 3716 587 3789 ad
607 3719 804 3792 concivium
832 3735 933 3789 tuum
953 3719 1061 3791 uenio
1070 3774 1083 3808 ,
1108 3718 1252 3817 gratias

179 3857 320 3933 ageres,
340 3834 429 3930 quia
445 3859 502 3904 me
516 3832 701 3932 *dignatus
721 3860 778 3924 es,
803 3834 963 3908 Domine
978 3835 1066 3907 Jern
1089 3833 1250 3923 Chn'stc,

220 4203 260 4272 (t)
278 4201 352 4256 Dans
366 4201 391 4258 la
405 4203 520 4277 le'gcudc
534 4205 682 4280 originale,
695 4224 732 4262 on
744 4205 796 4262 lit:
813 4217 926 4279 septem.
