<?xml version="1.0" encoding="UTF-8"?>
<!DOCTYPE html PUBLIC "-//W3C//DTD XHTML 1.0 Transitional//EN"
    "http://www.w3.org/TR/xhtml1/DTD/xhtml1-transitional.dtd">
<html xmlns="http://www.w3.org/1999/xhtml" xml:lang="en" lang="en">
 <head>
  <title>
</title>
<meta http-equiv="Content-Type" content="text/html;charset=utf-8" />
  <meta name='ocr-system' content='tesseract 3.04.00' />
  <meta name='ocr-capabilities' content='ocr_page ocr_carea ocr_par ocr_line ocrx_word'/>
</head>
<body>
  <div class='ocr_page' id='page_1' title='image "./ordericivitalis02deligoog/ordericivitalis02deligoog_0338.png"; bbox 0 0 2894 4958; ppageno 0'>
   <div class='ocr_carea' id='block_1_1' title="bbox 428 456 1140 522">
    <p class='ocr_par' dir='ltr' id='par_1_1' title="bbox 428 456 1140 522">
     <span class='ocr_line' id='line_1_1' title="bbox 428 456 1140 522; baseline 0.004 -4"><span class='ocrx_word' id='word_1_1' title='bbox 428 456 545 519; x_wconf 79' lang='lat' dir='ltr'>LIBER</span> <span class='ocrx_word' id='word_1_2' title='bbox 564 457 775 520; x_wconf 84' lang='lat' dir='ltr'><strong>SECUNDUS.</strong></span> <span class='ocrx_word' id='word_1_3' title='bbox 1079 459 1140 522; x_wconf 78' lang='lat'><strong>325</strong></span> 
     </span>
    </p>
   </div>
   <div class='ocr_carea' id='block_1_2' title="bbox 102 577 1244 3826">
    <p class='ocr_par' dir='ltr' id='par_1_2' title="bbox 102 577 1138 794">
     <span class='ocr_line' id='line_1_2' title="bbox 102 577 1138 680; baseline 0 -27"><span class='ocrx_word' id='word_1_4' title='bbox 102 605 143 653; x_wconf 89' lang='lat' dir='ltr'><strong>ue</strong></span> <span class='ocrx_word' id='word_1_5' title='bbox 165 577 419 678; x_wconf 76' lang='lat' dir='ltr'><strong>praecipiente,</strong></span> <span class='ocrx_word' id='word_1_6' title='bbox 450 577 677 679; x_wconf 80' lang='lat' dir='ltr'><strong>deceptiones</strong></span> <span class='ocrx_word' id='word_1_7' title='bbox 705 606 804 668; x_wconf 84' lang='lat' dir='ltr'><strong>suas,</strong></span> <span class='ocrx_word' id='word_1_8' title='bbox 833 578 964 680; x_wconf 90' lang='lat' dir='ltr'><strong>quibus</strong></span> <span class='ocrx_word' id='word_1_9' title='bbox 989 581 1138 655; x_wconf 87' lang='lat' dir='ltr'><strong>miseros</strong></span> 
     </span>
     <span class='ocr_line' id='line_1_3' title="bbox 102 693 725 794; baseline 0 -25"><span class='ocrx_word' id='word_1_10' title='bbox 102 693 304 784; x_wconf 81' lang='lat' dir='ltr'><strong>ulnerabnt,</strong></span> <span class='ocrx_word' id='word_1_11' title='bbox 324 695 441 794; x_wconf 85' lang='lat' dir='ltr'><strong>palam</strong></span> <span class='ocrx_word' id='word_1_12' title='bbox 458 696 641 770; x_wconf 83' lang='lat' dir='ltr'><strong>confessus</strong></span> <span class='ocrx_word' id='word_1_13' title='bbox 659 712 725 770; x_wconf 90' lang='lat' dir='ltr'><strong>est.</strong></span> 
     </span>
    </p>

    <p class='ocr_par' dir='ltr' id='par_1_3' title="bbox 102 811 1244 3826">
     <span class='ocr_line' id='line_1_4' title="bbox 121 811 1140 913; baseline 0.003 -28"><span class='ocrx_word' id='word_1_14' title='bbox 121 813 227 885; x_wconf 83' lang='lat' dir='ltr'><strong>&#39;l&#39;unc</strong></span> <span class='ocrx_word' id='word_1_15' title='bbox 238 811 421 912; x_wconf 82' lang='lat' dir='ltr'><strong>apostolus</strong></span> <span class='ocrx_word' id='word_1_16' title='bbox 437 812 530 885; x_wconf 81' lang='lat' dir='ltr'>dixit</span> <span class='ocrx_word' id='word_1_17' title='bbox 545 812 589 886; x_wconf 83' lang='lat' dir='ltr'><strong>ad</strong></span> <span class='ocrx_word' id='word_1_18' title='bbox 603 812 745 913; x_wconf 86' lang='lat' dir='ltr'><strong>plebem</strong></span> <span class='ocrx_word' id='word_1_19' title='bbox 760 811 882 888; x_wconf 85' lang='lat' dir='ltr'><strong>:Ecce</strong></span> <span class='ocrx_word' id='word_1_20' title='bbox 897 841 1004 911; x_wconf 86' lang='lat' dir='ltr'><strong>quem.</strong></span> <span class='ocrx_word' id='word_1_21' title='bbox 1020 815 1140 888; x_wconf 86' lang='lat' dir='ltr'><strong>Deum</strong></span> 
     </span>
     <span class='ocr_line' id='line_1_5' title="bbox 102 930 1141 1018; baseline 0.002 -13"><span class='ocrx_word' id='word_1_22' title='bbox 102 930 258 1005; x_wconf 66' lang='lat' dir='ltr'><strong>stabatis</strong></span> <span class='ocrx_word' id='word_1_23' title='bbox 270 957 399 1003; x_wconf 83' lang='lat' dir='ltr'><strong>curare</strong></span> <span class='ocrx_word' id='word_1_24' title='bbox 412 958 495 1018; x_wconf 83' lang='lat' dir='ltr'><strong>vos,·</strong></span> <span class='ocrx_word' id='word_1_25' title='bbox 510 931 638 1004; x_wconf 84' lang='lat' dir='ltr'><strong>audite</strong></span> <span class='ocrx_word' id='word_1_26' title='bbox 653 959 752 1005; x_wconf 85' lang='lat' dir='ltr'><strong>nunc</strong></span> <span class='ocrx_word' id='word_1_27' title='bbox 762 958 887 1006; x_wconf 84' lang='lat' dir='ltr'><strong>cerum</strong></span> <span class='ocrx_word' id='word_1_28' title='bbox 900 933 1019 1005; x_wconf 87' lang='lat' dir='ltr'><strong>Deum</strong></span> <span class='ocrx_word' id='word_1_29' title='bbox 1036 960 1141 1007; x_wconf 83' lang='lat' dir='ltr'><strong>crea·</strong></span> 
     </span>
     <span class='ocr_line' id='line_1_6' title="bbox 102 1048 1142 1150; baseline 0.006 -34"><span class='ocrx_word' id='word_1_30' title='bbox 102 1072 185 1121; x_wconf 72' lang='lat' dir='ltr'><strong>»rem</strong></span> <span class='ocrx_word' id='word_1_31' title='bbox 207 1064 382 1140; x_wconf 80' lang='lat' dir='ltr'><strong>vestrum,</strong></span> <span class='ocrx_word' id='word_1_32' title='bbox 395 1050 471 1150; x_wconf 54' lang='lat' dir='ltr'><strong>⁴qni</strong></span> <span class='ocrx_word' id='word_1_33' title='bbox 493 1049 636 1122; x_wconf 77' lang='lat' dir='ltr'><strong>habitat</strong></span> <span class='ocrx_word' id='word_1_34' title='bbox 658 1051 696 1121; x_wconf 83' lang='lat' dir='ltr'><strong>in</strong></span> <span class='ocrx_word' id='word_1_35' title='bbox 720 1048 839 1136; x_wconf 82' lang='lat' dir='ltr'><strong>coelis,·</strong></span> <span class='ocrx_word' id='word_1_36' title='bbox 862 1066 896 1121; x_wconf 88' lang='lat' dir='ltr'><strong>et</strong></span> <span class='ocrx_word' id='word_1_37' title='bbox 916 1053 948 1123; x_wconf 85' lang='lat' dir='ltr'><strong>si</strong></span> <span class='ocrx_word' id='word_1_38' title='bbox 967 1048 1079 1123; x_wconf 80' lang='lat' dir='ltr'><strong>cultis</strong></span> <span class='ocrx_word' id='word_1_39' title='bbox 1103 1068 1142 1122; x_wconf 87' lang='lat' dir='ltr'><strong>ut</strong></span> 
     </span>
     <span class='ocr_line' id='line_1_7' title="bbox 102 1162 1141 1266; baseline 0.002 -30"><span class='ocrx_word' id='word_1_40' title='bbox 102 1188 168 1236; x_wconf 63' lang='lat' dir='ltr'><strong>cern</strong></span> <span class='ocrx_word' id='word_1_41' title='bbox 181 1189 255 1266; x_wconf 86' lang='lat' dir='ltr'><strong>pro</strong></span> <span class='ocrx_word' id='word_1_42' title='bbox 269 1162 392 1255; x_wconf 81' lang='lat' dir='ltr'><strong>uobr‘s,</strong></span> <span class='ocrx_word' id='word_1_43' title='bbox 411 1180 446 1237; x_wconf 87' lang='lat' dir='ltr'><strong>et</strong></span> <span class='ocrx_word' id='word_1_44' title='bbox 461 1191 584 1238; x_wconf 83' lang='lat' dir='ltr'><strong>omnes</strong></span> <span class='ocrx_word' id='word_1_45' title='bbox 607 1164 743 1266; x_wconf 83' lang='lat' dir='ltr'><strong>infimu&#39;</strong></span> <span class='ocrx_word' id='word_1_46' title='bbox 764 1167 830 1266; x_wconf 86' lang='lat' dir='ltr'><strong>qui</strong></span> <span class='ocrx_word' id='word_1_47' title='bbox 848 1165 983 1239; x_wconf 74' lang='lat' dir='ltr'><strong>adsunt</strong></span> <span class='ocrx_word' id='word_1_48' title='bbox 999 1169 1141 1240; x_wconf 84' lang='lat' dir='ltr'><strong>sam&#39;ta-</strong></span> 
     </span>
     <span class='ocr_line' id='line_1_8' title="bbox 102 1270 1137 1383; baseline 0.002 -31"><span class='ocrx_word' id='word_1_49' title='bbox 102 1304 145 1352; x_wconf 80' lang='lat' dir='ltr'><strong>rn</strong></span> <span class='ocrx_word' id='word_1_50' title='bbox 161 1270 367 1382; x_wconf 72' lang='lat' dir='ltr'><strong>recepiant,</strong></span> <span class='ocrx_word' id='word_1_51' title='bbox 396 1277 465 1354; x_wconf 75' lang='lat' dir='ltr'><strong>hoc</strong></span> <span class='ocrx_word' id='word_1_52' title='bbox 490 1279 630 1353; x_wconf 85' lang='lat' dir='ltr'><strong>idolum</strong></span> <span class='ocrx_word' id='word_1_53' title='bbox 654 1280 825 1383; x_wconf 81' lang='lat' dir='ltr'><strong>deponite</strong></span> <span class='ocrx_word' id='word_1_54' title='bbox 850 1298 884 1354; x_wconf 87' lang='lat' dir='ltr'><strong>et</strong></span> <span class='ocrx_word' id='word_1_55' title='bbox 907 1282 1137 1381; x_wconf 72' lang='lat' dir='ltr'><strong>cory‘ringite.</strong></span> 
     </span>
     <span class='ocr_line' id='line_1_9' title="bbox 102 1391 1143 1499; baseline 0.003 -34"><span class='ocrx_word' id='word_1_56' title='bbox 102 1394 189 1491; x_wconf 76' lang='lat' dir='ltr'><strong>lrtod</strong></span> <span class='ocrx_word' id='word_1_57' title='bbox 205 1391 477 1492; x_wconf 76' lang='lat' dir='ltr'><strong>cumfecen&#39;tis‚</strong></span> <span class='ocrx_word' id='word_1_58' title='bbox 497 1395 568 1469; x_wconf 75' lang='lat' dir='ltr'><strong>lzoc</strong></span> <span class='ocrx_word' id='word_1_59' title='bbox 584 1395 755 1499; x_wconf 85' lang='lat' dir='ltr'><strong>templum</strong></span> <span class='ocrx_word' id='word_1_60' title='bbox 771 1395 908 1470; x_wconf 76' lang='lat' dir='ltr'><em>Christi</em></span> <span class='ocrx_word' id='word_1_61' title='bbox 922 1398 1064 1470; x_wconf 81' lang='lat' dir='ltr'><strong>nomini</strong></span> <span class='ocrx_word' id='word_1_62' title='bbox 1077 1397 1143 1468; x_wconf 86' lang='lat' dir='ltr'><strong>de-</strong></span> 
     </span>
     <span class='ocr_line' id='line_1_10' title="bbox 102 1509 1144 1614; baseline 0 -29"><span class='ocrx_word' id='word_1_63' title='bbox 102 1509 227 1599; x_wconf 76' lang='lat' dir='ltr'><strong>ieabo,</strong></span> <span class='ocrx_word' id='word_1_64' title='bbox 251 1527 286 1583; x_wconf 87' lang='lat' dir='ltr'><strong>et</strong></span> <span class='ocrx_word' id='word_1_65' title='bbox 305 1537 373 1585; x_wconf 79' lang='lat' dir='ltr'><strong>nos</strong></span> <span class='ocrx_word' id='word_1_66' title='bbox 397 1538 520 1586; x_wconf 86' lang='lat' dir='ltr'><strong>omnes</strong></span> <span class='ocrx_word' id='word_1_67' title='bbox 540 1512 602 1586; x_wconf 75' lang='lat' dir='ltr'><strong>tic</strong></span> <span class='ocrx_word' id='word_1_68' title='bbox 623 1512 841 1614; x_wconf 82' lang='lat' dir='ltr'><strong>baptismate</strong></span> <span class='ocrx_word' id='word_1_69' title='bbox 861 1511 999 1586; x_wconf 77' lang='lat' dir='ltr'><em>Christi</em></span> <span class='ocrx_word' id='word_1_70' title='bbox 1015 1539 1144 1586; x_wconf 77' lang='lat' dir='ltr'><strong>conee-</strong></span> 
     </span>
     <span class='ocr_line' id='line_1_11' title="bbox 102 1623 1144 1727; baseline 0.003 -29"><span class='ocrx_word' id='word_1_71' title='bbox 102 1623 198 1699; x_wconf 63' lang='grc' dir='ltr'><strong>ἀὖα</strong></span> <span class='ocrx_word' id='word_1_72' title='bbox 219 1625 325 1724; x_wconf 83' lang='lat' dir='ltr'><strong>Regis</strong></span> <span class='ocrx_word' id='word_1_73' title='bbox 343 1626 462 1726; x_wconf 81' lang='lat' dir='ltr'><strong>itaque</strong></span> <span class='ocrx_word' id='word_1_74' title='bbox 478 1629 579 1726; x_wconf 85' lang='lat' dir='ltr'><strong>jussu</strong></span> <span class='ocrx_word' id='word_1_75' title='bbox 596 1624 730 1701; x_wconf 73' lang='lat' dir='ltr'><strong>omnes</strong></span> <span class='ocrx_word' id='word_1_76' title='bbox 738 1626 863 1727; x_wconf 93' lang='lat' dir='ltr'><strong>populi</strong></span> <span class='ocrx_word' id='word_1_77' title='bbox 883 1625 988 1700; x_wconf 89' lang='lat' dir='ltr'><strong>funes</strong></span> <span class='ocrx_word' id='word_1_78' title='bbox 1008 1643 1045 1701; x_wconf 87' lang='lat' dir='ltr'><strong>et</strong></span> <span class='ocrx_word' id='word_1_79' title='bbox 1061 1642 1144 1701; x_wconf 83' lang='lat' dir='ltr'><strong>tro-</strong></span> 
     </span>
     <span class='ocr_line' id='line_1_12' title="bbox 102 1739 1143 1842; baseline 0.002 -29"><span class='ocrx_word' id='word_1_80' title='bbox 102 1739 262 1839; x_wconf 74' lang='lat' dir='ltr'><strong>ilcrs(1)</strong></span> <span class='ocrx_word' id='word_1_81' title='bbox 277 1741 477 1831; x_wconf 84' lang='lat' dir='ltr'><strong>miserunt,</strong></span> <span class='ocrx_word' id='word_1_82' title='bbox 498 1757 535 1816; x_wconf 91' lang='lat' dir='ltr'><strong>et</strong></span> <span class='ocrx_word' id='word_1_83' title='bbox 550 1743 782 1816; x_wconf 85' lang='lat' dir='ltr'><strong>simulacrum</strong></span> <span class='ocrx_word' id='word_1_84' title='bbox 800 1758 961 1816; x_wconf 85' lang='lat' dir='ltr'><strong>evertere</strong></span> <span class='ocrx_word' id='word_1_85' title='bbox 978 1767 1054 1814; x_wconf 90' lang='lat' dir='ltr'><strong>non</strong></span> <span class='ocrx_word' id='word_1_86' title='bbox 1071 1768 1143 1842; x_wconf 95' lang='lat' dir='ltr'><strong>po-</strong></span> 
     </span>
     <span class='ocr_line' id='line_1_13' title="bbox 102 1847 1142 1960; baseline 0.001 -29"><span class='ocrx_word' id='word_1_87' title='bbox 102 1872 237 1931; x_wconf 74' lang='lat' dir='ltr'><strong>terunt.</strong></span> <span class='ocrx_word' id='word_1_88' title='bbox 266 1847 461 1960; x_wconf 70' lang='lat' dir='ltr'><strong>Apostolus</strong></span> <span class='ocrx_word' id='word_1_89' title='bbox 481 1877 600 1933; x_wconf 82' lang='lat' dir='ltr'><strong>eutem</strong></span> <span class='ocrx_word' id='word_1_90' title='bbox 624 1859 717 1932; x_wconf 82' lang='lat' dir='ltr'><strong>dixit</strong></span> <span class='ocrx_word' id='word_1_91' title='bbox 734 1860 782 1933; x_wconf 90' lang='lat' dir='ltr'><strong>eis</strong></span> <span class='ocrx_word' id='word_1_92' title='bbox 800 1890 810 1931; x_wconf 76' lang='lat' dir='ltr'><em>z</em></span> <span class='ocrx_word' id='word_1_93' title='bbox 829 1859 965 1933; x_wconf 77' lang='lat' dir='ltr'><strong>Solvite</strong></span> <span class='ocrx_word' id='word_1_94' title='bbox 989 1860 1142 1933; x_wconf 80' lang='lat' dir='ltr'><strong>vincula</strong></span> 
     </span>
     <span class='ocr_line' id='line_1_14' title="bbox 102 1972 1143 2075; baseline -0.001 -26"><span class='ocrx_word' id='word_1_95' title='bbox 102 1975 167 2049; x_wconf 81' lang='lat' dir='ltr'><strong>ius.</strong></span> <span class='ocrx_word' id='word_1_96' title='bbox 186 1972 350 2075; x_wconf 84' lang='lat' dir='ltr'><strong>Cumque</strong></span> <span class='ocrx_word' id='word_1_97' title='bbox 366 1977 489 2049; x_wconf 86' lang='lat' dir='ltr'><strong>omnia</strong></span> <span class='ocrx_word' id='word_1_98' title='bbox 506 1977 751 2063; x_wconf 85' lang='lat' dir='ltr'><strong>exsolvissent,</strong></span> <span class='ocrx_word' id='word_1_99' title='bbox 764 1974 993 2049; x_wconf 85' lang='lat' dir='ltr'><strong>illodaemoni</strong></span> <span class='ocrx_word' id='word_1_100' title='bbox 1003 2001 1143 2073; x_wconf 88' lang='lat' dir='ltr'><strong>praece-</strong></span> 
     </span>
     <span class='ocr_line' id='line_1_15' title="bbox 102 2089 1142 2190; baseline 0.001 -28"><span class='ocrx_word' id='word_1_101' title='bbox 102 2090 130 2164; x_wconf 85' lang='lat' dir='ltr'><strong>it</strong></span> <span class='ocrx_word' id='word_1_102' title='bbox 147 2103 192 2162; x_wconf 88' lang='lat' dir='ltr'><strong>nt</strong></span> <span class='ocrx_word' id='word_1_103' title='bbox 209 2090 322 2163; x_wconf 84' lang='lat' dir='ltr'><strong>exiret</strong></span> <span class='ocrx_word' id='word_1_104' title='bbox 344 2105 382 2162; x_wconf 87' lang='lat' dir='ltr'><strong>et</strong></span> <span class='ocrx_word' id='word_1_105' title='bbox 398 2091 631 2163; x_wconf 83' lang='lat' dir='ltr'><strong>simulacrum</strong></span> <span class='ocrx_word' id='word_1_106' title='bbox 645 2090 905 2190; x_wconf 78' lang='lat' dir='ltr'><strong>confringeret.</strong></span> <span class='ocrx_word' id='word_1_107' title='bbox 924 2089 973 2162; x_wconf 85' lang='lat' dir='ltr'><strong>At</strong></span> <span class='ocrx_word' id='word_1_108' title='bbox 988 2091 1049 2165; x_wconf 89' lang='lat' dir='ltr'><strong>ille</strong></span> <span class='ocrx_word' id='word_1_109' title='bbox 1066 2106 1142 2163; x_wconf 83' lang='lat' dir='ltr'><strong>sto-</strong></span> 
     </span>
     <span class='ocr_line' id='line_1_16' title="bbox 102 2204 1138 2307; baseline -0.001 -26"><span class='ocrx_word' id='word_1_110' title='bbox 102 2204 141 2281; x_wconf 86' lang='lat' dir='ltr'><strong>m</strong></span> <span class='ocrx_word' id='word_1_111' title='bbox 165 2207 297 2295; x_wconf 84' lang='lat' dir='ltr'><strong>exivit,</strong></span> <span class='ocrx_word' id='word_1_112' title='bbox 326 2222 364 2279; x_wconf 86' lang='lat' dir='ltr'><strong>et</strong></span> <span class='ocrx_word' id='word_1_113' title='bbox 389 2207 509 2280; x_wconf 86' lang='lat' dir='ltr'><strong>omnia</strong></span> <span class='ocrx_word' id='word_1_114' title='bbox 537 2233 669 2307; x_wconf 81' lang='lat' dir='ltr'><strong>genera</strong></span> <span class='ocrx_word' id='word_1_115' title='bbox 695 2206 878 2280; x_wconf 90' lang='lat' dir='ltr'><strong>idolorum</strong></span> <span class='ocrx_word' id='word_1_116' title='bbox 907 2207 1138 2280; x_wconf 90' lang='lat' dir='ltr'><strong>comminuit.</strong></span> 
     </span>
     <span class='ocr_line' id='line_1_17' title="bbox 102 2323 1138 2424; baseline -0.004 -25"><span class='ocrx_word' id='word_1_117' title='bbox 102 2350 207 2401; x_wconf 82' lang='lat' dir='ltr'><strong>mnes</strong></span> <span class='ocrx_word' id='word_1_118' title='bbox 223 2348 309 2424; x_wconf 85' lang='lat' dir='ltr'><strong>ergo</strong></span> <span class='ocrx_word' id='word_1_119' title='bbox 325 2325 387 2424; x_wconf 91' lang='lat' dir='ltr'><strong>qui</strong></span> <span class='ocrx_word' id='word_1_120' title='bbox 401 2323 471 2397; x_wconf 92' lang='lat' dir='ltr'><strong>hoc</strong></span> <span class='ocrx_word' id='word_1_121' title='bbox 490 2323 660 2397; x_wconf 79' lang='lat' dir='ltr'><strong>viderunt</strong></span> <span class='ocrx_word' id='word_1_122' title='bbox 677 2349 747 2396; x_wconf 85' lang='lat' dir='ltr'><strong>una</strong></span> <span class='ocrx_word' id='word_1_123' title='bbox 765 2346 854 2397; x_wconf 76' lang='lat' dir='ltr'><strong>voce</strong></span> <span class='ocrx_word' id='word_1_124' title='bbox 867 2323 1115 2398; x_wconf 59' lang='lat' dir='ltr'><strong>,clamaverunt</strong></span> <span class='ocrx_word' id='word_1_125' title='bbox 1131 2355 1138 2395; x_wconf 93' lang='lat'><strong>:</strong></span> 
     </span>
     <span class='ocr_line' id='line_1_18' title="bbox 102 2423 1244 2542; baseline -0.001 -27"><span class='ocrx_word' id='word_1_126' title='bbox 102 2442 178 2515; x_wconf 79' lang='lat' dir='ltr'><strong>ltus</strong></span> <span class='ocrx_word' id='word_1_127' title='bbox 207 2459 260 2514; x_wconf 86' lang='lat' dir='ltr'><strong>est</strong></span> <span class='ocrx_word' id='word_1_128' title='bbox 286 2448 382 2512; x_wconf 84' lang='lat' dir='ltr'><strong>Deus</strong></span> <span class='ocrx_word' id='word_1_129' title='bbox 415 2444 665 2542; x_wconf 82' lang='lat' dir='ltr'><strong>omnipotens,</strong></span> <span class='ocrx_word' id='word_1_130' title='bbox 697 2465 802 2539; x_wconf 83' lang='lat' dir='ltr'><strong>quem</strong></span> <span class='ocrx_word' id='word_1_131' title='bbox 831 2438 1019 2542; x_wconf 75' lang='lat' dir='ltr'><strong>praedicat</strong></span> <span class='ocrx_word' id='word_1_132' title='bbox 1046 2466 1143 2541; x_wconf 81' lang='lat' dir='ltr'><strong>apo·</strong></span> <span class='ocrx_word' id='word_1_133' title='bbox 1241 2423 1244 2427; x_wconf 73' lang='lat'><strong>.</strong></span> 
     </span>
     <span class='ocr_line' id='line_1_19' title="bbox 102 2553 1143 2658; baseline -0.003 -27"><span class='ocrx_word' id='word_1_134' title='bbox 102 2557 188 2637; x_wconf 72' lang='lat' dir='ltr'><strong>olus</strong></span> <span class='ocrx_word' id='word_1_135' title='bbox 209 2559 289 2658; x_wconf 85' lang='lat' dir='ltr'><strong>ejus</strong></span> <span class='ocrx_word' id='word_1_136' title='bbox 308 2556 613 2630; x_wconf 77' lang='lat' dir='ltr'><strong>Bartholomaeus.</strong></span> <span class='ocrx_word' id='word_1_137' title='bbox 631 2557 737 2629; x_wconf 88' lang='lat' dir='ltr'><strong>Tunc</strong></span> <span class='ocrx_word' id='word_1_138' title='bbox 753 2553 877 2629; x_wconf 81' lang='lat' dir='ltr'><strong>beatus</strong></span> <span class='ocrx_word' id='word_1_139' title='bbox 894 2555 1076 2656; x_wconf 84' lang='lat' dir='ltr'><strong>apostolus</strong></span> <span class='ocrx_word' id='word_1_140' title='bbox 1099 2554 1143 2628; x_wconf 85' lang='lat' dir='ltr'><strong>ad</strong></span> 
     </span>
     <span class='ocr_line' id='line_1_20' title="bbox 102 2673 1142 2774; baseline -0.006 -22"><span class='ocrx_word' id='word_1_141' title='bbox 102 2676 276 2752; x_wconf 77' lang='lat' dir='ltr'><strong>&#39;ominum</strong></span> <span class='ocrx_word' id='word_1_142' title='bbox 290 2701 419 2751; x_wconf 84' lang='lat' dir='ltr'><strong>manus</strong></span> <span class='ocrx_word' id='word_1_143' title='bbox 435 2701 513 2747; x_wconf 87' lang='lat' dir='ltr'><strong>suas</strong></span> <span class='ocrx_word' id='word_1_144' title='bbox 526 2673 715 2774; x_wconf 83' lang='lat' dir='ltr'><strong>expandit,</strong></span> <span class='ocrx_word' id='word_1_145' title='bbox 730 2690 767 2748; x_wconf 85' lang='lat' dir='ltr'><strong>et</strong></span> <span class='ocrx_word' id='word_1_146' title='bbox 779 2702 848 2774; x_wconf 91' lang='lat' dir='ltr'><strong>pro</strong></span> <span class='ocrx_word' id='word_1_147' title='bbox 861 2674 1142 2748; x_wconf 81' lang='lat' dir='ltr'><strong>salvationeom·</strong></span> 
     </span>
     <span class='ocr_line' id='line_1_21' title="bbox 102 2791 1143 2892; baseline -0.002 -25"><span class='ocrx_word' id='word_1_148' title='bbox 102 2793 179 2867; x_wconf 80' lang='lat' dir='ltr'><strong>inm</strong></span> <span class='ocrx_word' id='word_1_149' title='bbox 195 2793 260 2892; x_wconf 87' lang='lat' dir='ltr'><strong>qui</strong></span> <span class='ocrx_word' id='word_1_150' title='bbox 276 2792 425 2865; x_wconf 80' lang='lat' dir='ltr'><strong>aderent</strong></span> <span class='ocrx_word' id='word_1_151' title='bbox 439 2791 574 2864; x_wconf 83' lang='lat' dir='ltr'><strong>diutius</strong></span> <span class='ocrx_word' id='word_1_152' title='bbox 596 2793 725 2866; x_wconf 79' lang='lat' dir='ltr'><strong>oravit.</strong></span> <span class='ocrx_word' id='word_1_153' title='bbox 745 2793 911 2892; x_wconf 87' lang='lat' dir='ltr'><strong>Cumque</strong></span> <span class='ocrx_word' id='word_1_154' title='bbox 928 2817 1053 2865; x_wconf 91' lang='lat' dir='ltr'><strong>omnes</strong></span> <span class='ocrx_word' id='word_1_155' title='bbox 1070 2818 1143 2866; x_wconf 85' lang='lat' dir='ltr'><strong>res·</strong></span> 
     </span>
     <span class='ocr_line' id='line_1_22' title="bbox 102 2907 1143 3009; baseline -0.003 -23"><span class='ocrx_word' id='word_1_156' title='bbox 102 2907 285 2986; x_wconf 84' lang='lat' dir='ltr'><strong>ondissent</strong></span> <span class='ocrx_word' id='word_1_157' title='bbox 304 2935 313 2978; x_wconf 75' lang='grc' dir='ltr'><strong><em>ε</em></strong></span> <span class='ocrx_word' id='word_1_158' title='bbox 332 2911 472 2997; x_wconf 83' lang='lat' dir='ltr'><strong>Amen,</strong></span> <span class='ocrx_word' id='word_1_159' title='bbox 496 2909 642 3009; x_wconf 84' lang='lat' dir='ltr'><strong>angelus</strong></span> <span class='ocrx_word' id='word_1_160' title='bbox 666 2909 815 2983; x_wconf 88' lang='lat' dir='ltr'><strong>Domini</strong></span> <span class='ocrx_word' id='word_1_161' title='bbox 838 2910 931 2982; x_wconf 87' lang='lat' dir='ltr'><strong>sicut</strong></span> <span class='ocrx_word' id='word_1_162' title='bbox 944 2910 1000 2983; x_wconf 86' lang='lat' dir='ltr'><strong>sol</strong></span> <span class='ocrx_word' id='word_1_163' title='bbox 1018 2909 1143 3008; x_wconf 88' lang='lat' dir='ltr'><strong>splen·</strong></span> 
     </span>
     <span class='ocr_line' id='line_1_23' title="bbox 102 3024 1143 3126; baseline -0.003 -25"><span class='ocrx_word' id='word_1_164' title='bbox 102 3024 179 3101; x_wconf 71' lang='lat' dir='ltr'><strong>idm</strong></span> <span class='ocrx_word' id='word_1_165' title='bbox 207 3024 342 3101; x_wconf 83' lang='lat' dir='ltr'><strong>habens</strong></span> <span class='ocrx_word' id='word_1_166' title='bbox 359 3024 430 3098; x_wconf 82' lang='lat' dir='ltr'><strong>alas</strong></span> <span class='ocrx_word' id='word_1_167' title='bbox 456 3026 643 3126; x_wconf 82' lang='lat' dir='ltr'><strong>apparuit,</strong></span> <span class='ocrx_word' id='word_1_168' title='bbox 667 3041 704 3099; x_wconf 89' lang='lat' dir='ltr'><strong>et</strong></span> <span class='ocrx_word' id='word_1_169' title='bbox 726 3051 792 3124; x_wconf 89' lang='lat' dir='ltr'><strong>per</strong></span> <span class='ocrx_word' id='word_1_170' title='bbox 813 3041 971 3126; x_wconf 85' lang='lat' dir='ltr'><strong>quatuor</strong></span> <span class='ocrx_word' id='word_1_171' title='bbox 994 3025 1143 3126; x_wconf 84' lang='lat' dir='ltr'><strong>angulos</strong></span> 
     </span>
     <span class='ocr_line' id='line_1_24' title="bbox 102 3141 1142 3245; baseline -0.008 -26"><span class='ocrx_word' id='word_1_172' title='bbox 102 3143 202 3245; x_wconf 83' lang='lat' dir='ltr'><strong>nnpli</strong></span> <span class='ocrx_word' id='word_1_173' title='bbox 216 3143 506 3231; x_wconf 84' lang='lat' dir='ltr'><strong>circumvolavit,</strong></span> <span class='ocrx_word' id='word_1_174' title='bbox 524 3141 713 3244; x_wconf 82' lang='lat' dir='ltr'><strong>digitoque</strong></span> <span class='ocrx_word' id='word_1_175' title='bbox 724 3169 790 3216; x_wconf 90' lang='lat' dir='ltr'><strong>suo</strong></span> <span class='ocrx_word' id='word_1_176' title='bbox 804 3142 842 3214; x_wconf 90' lang='lat' dir='ltr'><strong>iu</strong></span> <span class='ocrx_word' id='word_1_177' title='bbox 856 3141 1036 3242; x_wconf 78' lang='lat' dir='ltr'><strong>quadratis</strong></span> <span class='ocrx_word' id='word_1_178' title='bbox 1053 3141 1142 3213; x_wconf 83' lang='lat' dir='ltr'><strong>saxis</strong></span> 
     </span>
     <span class='ocr_line' id='line_1_25' title="bbox 102 3255 1143 3362; baseline -0.001 -32"><span class='ocrx_word' id='word_1_179' title='bbox 102 3283 220 3362; x_wconf 75' lang='lat' dir='ltr'><strong>gnum</strong></span> <span class='ocrx_word' id='word_1_180' title='bbox 235 3258 351 3331; x_wconf 83' lang='lat' dir='ltr'><strong>crucis</strong></span> <span class='ocrx_word' id='word_1_181' title='bbox 368 3258 528 3358; x_wconf 83' lang='lat' dir='ltr'><strong>sculpsit.</strong></span> <span class='ocrx_word' id='word_1_182' title='bbox 548 3255 686 3332; x_wconf 89' lang='lat' dir='ltr'><strong>Deinde</strong></span> <span class='ocrx_word' id='word_1_183' title='bbox 706 3257 881 3358; x_wconf 84' lang='lat' dir='ltr'><strong>praecepit</strong></span> <span class='ocrx_word' id='word_1_184' title='bbox 897 3258 947 3332; x_wconf 90' lang='lat' dir='ltr'><strong>eis</strong></span> <span class='ocrx_word' id='word_1_185' title='bbox 967 3273 1010 3329; x_wconf 90' lang='lat' dir='ltr'><strong>ut</strong></span> <span class='ocrx_word' id='word_1_186' title='bbox 1029 3255 1143 3355; x_wconf 82' lang='lat' dir='ltr'><strong>digito</strong></span> 
     </span>
     <span class='ocr_line' id='line_1_26' title="bbox 102 3371 1143 3475; baseline -0.009 -24"><span class='ocrx_word' id='word_1_187' title='bbox 102 3400 143 3451; x_wconf 80' lang='lat' dir='ltr'><strong>ro</strong></span> <span class='ocrx_word' id='word_1_188' title='bbox 160 3375 304 3475; x_wconf 76' lang='lat' dir='ltr'><strong>signum</strong></span> <span class='ocrx_word' id='word_1_189' title='bbox 315 3373 431 3448; x_wconf 83' lang='lat' dir='ltr'><strong>crucis</strong></span> <span class='ocrx_word' id='word_1_190' title='bbox 442 3373 603 3448; x_wconf 78' lang='lat' dir='ltr'><strong>facerent</strong></span> <span class='ocrx_word' id='word_1_191' title='bbox 615 3374 653 3446; x_wconf 94' lang='lat' dir='ltr'><strong>in</strong></span> <span class='ocrx_word' id='word_1_192' title='bbox 665 3371 849 3447; x_wconf 87' lang='lat' dir='ltr'><strong>frontibus</strong></span> <span class='ocrx_word' id='word_1_193' title='bbox 860 3373 945 3445; x_wconf 84' lang='lat' dir='ltr'><strong>suis.</strong></span> <span class='ocrx_word' id='word_1_194' title='bbox 960 3374 1008 3444; x_wconf 86' lang='lat' dir='ltr'><strong>Et</strong></span> <span class='ocrx_word' id='word_1_195' title='bbox 1020 3386 1143 3445; x_wconf 80' lang='lat' dir='ltr'><strong>osten·</strong></span> 
     </span>
     <span class='ocr_line' id='line_1_27' title="bbox 102 3483 1143 3591; baseline -0.007 -26"><span class='ocrx_word' id='word_1_196' title='bbox 102 3493 132 3565; x_wconf 87' lang='lat' dir='ltr'><strong>it</strong></span> <span class='ocrx_word' id='word_1_197' title='bbox 164 3491 347 3591; x_wconf 82' lang='lat' dir='ltr'><strong>ingentem</strong></span> <span class='ocrx_word' id='word_1_198' title='bbox 377 3491 592 3591; x_wconf 80' lang='lat' dir='ltr'><strong>AEgyptium</strong></span> <span class='ocrx_word' id='word_1_199' title='bbox 621 3489 773 3591; x_wconf 82' lang='lat' dir='ltr'><strong>fuligine</strong></span> <span class='ocrx_word' id='word_1_200' title='bbox 804 3488 1027 3588; x_wconf 78' lang='lat' dir='ltr'><strong>nigriorem„</strong></span> <span class='ocrx_word' id='word_1_201' title='bbox 1054 3483 1143 3558; x_wconf 83' lang='lat' dir='ltr'><strong>fucis</strong></span> 
     </span>
     <span class='ocr_line' id='line_1_28' title="bbox 102 3603 1141 3708; baseline -0.008 -25"><span class='ocrx_word' id='word_1_202' title='bbox 102 3624 197 3698; x_wconf 75' lang='lat' dir='ltr'><strong>cota,</strong></span> <span class='ocrx_word' id='word_1_203' title='bbox 210 3607 323 3681; x_wconf 83' lang='lat' dir='ltr'><strong>barba</strong></span> <span class='ocrx_word' id='word_1_204' title='bbox 332 3606 492 3706; x_wconf 79' lang='lat' dir='ltr'><strong>prolixa,</strong></span> <span class='ocrx_word' id='word_1_205' title='bbox 507 3609 624 3682; x_wconf 88' lang='lat' dir='ltr'><strong>crines</strong></span> <span class='ocrx_word' id='word_1_206' title='bbox 635 3633 748 3708; x_wconf 70' lang='lat' dir='ltr'><strong>usique</strong></span> <span class='ocrx_word' id='word_1_207' title='bbox 761 3607 804 3680; x_wconf 86' lang='lat' dir='ltr'><strong>ad</strong></span> <span class='ocrx_word' id='word_1_208' title='bbox 817 3605 922 3706; x_wconf 79' lang='lat' dir='ltr'><strong>pedes</strong></span> <span class='ocrx_word' id='word_1_209' title='bbox 935 3603 1141 3691; x_wconf 86' lang='lat' dir='ltr'><strong>habentem,</strong></span> 
     </span>
     <span class='ocr_line' id='line_1_29' title="bbox 102 3721 1144 3826; baseline -0.008 -26"><span class='ocrx_word' id='word_1_210' title='bbox 102 3723 204 3800; x_wconf 85' lang='lat' dir='ltr'><strong>culos</strong></span> <span class='ocrx_word' id='word_1_211' title='bbox 229 3726 352 3826; x_wconf 81' lang='lat' dir='ltr'><strong>igneos</strong></span> <span class='ocrx_word' id='word_1_212' title='bbox 375 3725 468 3798; x_wconf 88' lang='lat' dir='ltr'><strong>sicut</strong></span> <span class='ocrx_word' id='word_1_213' title='bbox 489 3724 628 3801; x_wconf 82' lang='lat' dir='ltr'><strong>ferrum</strong></span> <span class='ocrx_word' id='word_1_214' title='bbox 657 3725 833 3826; x_wconf 85' lang='lat' dir='ltr'><strong>ignitum,</strong></span> <span class='ocrx_word' id='word_1_215' title='bbox 859 3721 1030 3796; x_wconf 84' lang='lat' dir='ltr'><strong>scintillas</strong></span> <span class='ocrx_word' id='word_1_216' title='bbox 1051 3721 1144 3794; x_wconf 89' lang='lat' dir='ltr'><strong>emi-</strong></span> 
     </span>
    </p>
   </div>
   <div class='ocr_carea' id='block_1_3' title="bbox 114 4104 944 4181">
    <p class='ocr_par' dir='ltr' id='par_1_4' title="bbox 114 4104 944 4181">
     <span class='ocr_line' id='line_1_30' title="bbox 114 4104 944 4181; baseline -0.004 -20"><span class='ocrx_word' id='word_1_217' title='bbox 114 4105 155 4175; x_wconf 83' lang='grc' dir='ltr'><strong>(ι)</strong></span> <span class='ocrx_word' id='word_1_218' title='bbox 171 4106 302 4179; x_wconf 79' lang='lat' dir='ltr'><strong>Appareil</strong></span> <span class='ocrx_word' id='word_1_219' title='bbox 314 4110 328 4162; x_wconf 71' lang='lat' dir='ltr'><strong>d</strong></span> <span class='ocrx_word' id='word_1_220' title='bbox 341 4126 421 4162; x_wconf 89' lang='lat' dir='ltr'><strong>roucs</strong></span> <span class='ocrx_word' id='word_1_221' title='bbox 435 4127 505 4181; x_wconf 89' lang='lat' dir='ltr'><strong>pour</strong></span> <span class='ocrx_word' id='word_1_222' title='bbox 516 4107 638 4163; x_wconf 79' lang='lat' dir='ltr'><strong>soulever</strong></span> <span class='ocrx_word' id='word_1_223' title='bbox 649 4107 696 4162; x_wconf 89' lang='lat' dir='ltr'><strong>des</strong></span> <span class='ocrx_word' id='word_1_224' title='bbox 709 4104 852 4173; x_wconf 73' lang='lat' dir='ltr'><strong>tardeaux,</strong></span> <span class='ocrx_word' id='word_1_225' title='bbox 867 4123 944 4177; x_wconf 80' lang='lat' dir='ltr'><strong>grue.</strong></span> 
     </span>
    </p>
   </div>
   <div class='ocr_carea' id='block_1_4' title="bbox 0 0 1453 4958">
    <p class='ocr_par' dir='ltr' id='par_1_5' title="bbox 0 0 1453 4958">
     <span class='ocr_line' id='line_1_31' title="bbox 0 0 1453 4958; baseline 0 0"><span class='ocrx_word' id='word_1_226' title='bbox 0 0 1453 4958; x_wconf 95' lang='lat' dir='ltr'><strong> </strong></span> 
     </span>
    </p>
   </div>
  </div>
 </body>
</html>
