2894 4958
570 423 687 487 trust
708 422 866 487 PRIMUS.
1212 427 1254 483 77

185 548 276 621 dari
287 546 449 630 Caescri,
470 562 504 618 et
516 544 695 619 dicentem
707 571 747 616 se
761 543 946 627 Christum
959 567 1079 641 regem
1093 566 1181 616 esse.
1203 542 1253 615 Et

186 691 271 738 cnm
281 677 519 749 accusaretur,
531 679 573 734 ut
584 659 776 735 Mattheus
789 660 853 747 ait,
866 685 889 731 s
900 658 1125 758 principibus
1137 685 1254 733 sacer-

184 779 316 854 dotnm
327 794 366 853 et
378 774 580 859 senioribus
596 772 741 876 populi,
758 774 851 848 nihil
867 773 1074 873 respondit,
1093 774 1192 874 quod
1209 802 1253 848 ex

185 891 461 966 mansuetudine
476 889 575 964 fecit.
591 892 696 963 Tunc
708 890 766 962 ait·
776 889 830 963 illi
851 888 986 962 Pilatus
1010 916 1019 958 ι
1042 890 1129 963 Non
1143 889 1253 962 cudis

185 1026 328 1110 quauta
341 1009 531 1084 adversum
551 1014 584 1080 te
600 1006 729 1080 dicunt
749 1005 982 1081 testiuwnia?
998 1004 1044 1079 Et
1061 1006 1204 1080 nullum
1221 1008 1252 1079 ei

185 1126 340 1201 verbnm
355 1125 560 1224 respondit,
582 1126 631 1198 ita
648 1141 691 1197 ut
705 1125 899 1199 miraretur
912 1151 1042 1224 praeses
1058 1123 1254 1199 vehemen-

186 1259 257 1316 ter.
283 1240 436 1316 Sedente
459 1241 522 1313 illo
545 1266 614 1339 pro
635 1238 827 1327 tribunali,
845 1240 945 1313 misit
968 1238 1011 1312 ad
1035 1239 1138 1313 illum
1160 1265 1254 1313 uxor

184 1359 282 1456 ejus,
294 1355 417 1429 dicens
431 1387 441 1430 τ
457 1355 566 1431 Nihil
580 1355 647 1428 tibi
657 1357 800 1455 eujusto
811 1356 880 1428 itti.
897 1355 1021 1428 Multa
1033 1358 1255 1457 enimpassc

183 1500 267 1545 sum
288 1471 402 1546 tosto
413 1498 486 1573 per
506 1477 626 1544 cisum
640 1488 793 1573 propter
814 1498 909 1544 eum.
932 1472 1083 1545 Dicente
1106 1471 1222 1546 Pilato
1242 1501 1252 1542 ε

184 1587 295 1663 Nibil
306 1590 448 1662 invenio
462 1614 587 1662 ccusae
600 1589 639 1660 in
651 1587 814 1675 bomine,
828 1587 966 1679 ludaei,
982 1604 1024 1660 ut
1039 1591 1152 1661 Lucas
1163 1590 1254 1662 scri-

184 1702 263 1791 bit,
287 1702 550 1778 invalescebant
571 1704 731 1777 dicentes
751 1735 761 1776 ι
780 1705 980 1780 Commoris
988 1707 1172 1807 populum
1184 1734 1256 1808 per

186 1822 391 1905 uniuersum
408 1821 604 1906 Judoeam,
626 1820 760 1893 docens
783 1836 818 1893 et
842 1822 1020 1922 incutiens
1038 1849 1064 1894 a
1090 1821 1254 1896 Gulilaec

185 1962 303 2036 usque
319 1936 405 2009 ltus.
422 1935 556 2009 Pilatus
572 1951 693 2009 autem
708 1935 854 2010 audiens
871 1935 1058 2009 Galilaeam
1065 1991 1079 2027 ,
1095 1938 1254 2012 interro-

183 2054 293 2153 gavit*
311 2055 340 2127 si
369 2051 480 2128 ho'mo
504 2052 672 2129 Galilseus
695 2071 807 2143 esset;
835 2068 936 2128 st'ut
961 2055 1132 2155 cognovit
1154 2056 1254 2157 quod

184 2168 229 2242 de
246 2168 399 2251 Herodis
415 2183 592 2268 potestate
605 2184 715 2256 esset,
733 2170 873 2243 remisit
890 2170 1035 2245 eumad
1050 2170 1250 2261 Herodem,

184 2287 249 2386 qni
266 2300 304 2358 et
321 2285 396 2385 ipse
410 2285 645 2386 lerosolymis
662 2302 739 2360 erat
759 2287 830 2360 illis
849 2286 988 2362 diebus.
1007 2287 1165 2363 Herodes
1184 2316 1253 2362 au-

186 2419 282 2496 tem,
305 2404 388 2476 viso.
404 2404 507 2492 Jssu,
526 2404 664 2504 gavisus
679 2421 733 2478 est
750 2404 863 2479 valde.
886 2407 975 2479 Erat
991 2406 1090 2481 enim
1105 2407 1253 2506 cupiens

183 2549 229 2596 ex
241 2521 361 2595 multo
380 2538 542 2621 tempore
554 2521 675 2596 videre
693 2548 776 2596 eum
785 2576 797 2610 ,
815 2548 859 2598 eo
876 2522 975 2624 quod
988 2523 1130 2598 audiret
1140 2524 1253 2596 multa

184 2637 229 2711 de
247 2636 333 2726 illo,
348 2651 385 2730 et
400 2635 567 2735 sperabat
583 2637 725 2737 signum
739 2636 885 2737 aliquod
897 2637 1018 2712 videre
1034 2636 1080 2710 ab
1098 2665 1141 2713 eo
1157 2637 1250 2712 fieri.

185 2748 438 2854 Interrogabat
454 2753 557 2826 illum
573 2754 697 2827 multis
712 2754 952 2828 sermonibus.
967 2754 1017 2828 At
1030 2756 1104 2854 ipse
1116 2754 1207 2829 nibil
1220 2759 1252 2830 ei

184 2868 439 2973 respondebat.
454 2870 606 2944 Stabant
618 2871 799 2972 principes
811 2873 1036 2948 sacerdotum
1051 2889 1088 2947 et
1104 2874 1251 2964 scribae,

185 3005 395 3065 constanter
404 3003 608 3065 accusantes
621 3015 717 3062 eum.
733 2990 875 3089 Sprevit
887 2990 990 3063 illum
1001 2991 1159 3066 Herodes
1168 3019 1253 3065 eum

186 3105 348 3178 exercitu
362 3130 448 3194 suo,
468 3119 506 3177 et
523 3103 636 3176 illusit
655 3103 823 3177 indutum
836 3121 933 3179 veste
949 3103 1050 3196 alba,
1068 3122 1105 3180 et
1118 3107 1254 3179 remisit

185 3220 229 3295 td
246 3221 419 3296 Pilatum.
435 3222 482 3294 Et
500 3219 586 3293 faeti
600 3238 690 3296 sunt
708 3221 812 3294 amici
832 3222 989 3297 Herodes
1005 3238 1041 3297 et
1057 3222 1192 3296 Pilatus
1214 3224 1252 3296 in

185 3337 261 3436 ipsa
277 3337 354 3425 die,
372 3364 458 3410 nam
476 3351 579 3410 antea
600 3336 736 3410 inimici
753 3352 857 3410 erant
873 3336 918 3410 ad
935 3338 1103 3412 invicem.

232 3455 394 3543 Pilatus,
421 3455 628 3529 convocatis
651 3453 917 3554 magistratibus
944 3470 981 3526 et
1007 3455 1139 3554 plebe,
1162 3456 1254 3530 dixit

187 3571 231 3645 ad
252 3571 339 3645 illos
360 3603 369 3644 ε
398 3571 588 3646 obtulistis
606 3570 698 3645 miti
714 3571 811 3645 bunc
829 3571 1010 3646 hominem
1029 3576 1139 3672 quusi
1155 3599 1254 3648 eucr-

188 3705 316 3763 tentem
321 3688 518 3791 populum
531 3706 565 3761 et
577 3706 662 3763 ecce
672 3715 742 3789 ego
754 3716 878 3763 coram
891 3689 995 3764 uobis
1009 3693 1249 3792 interrogans,

188 3803 331 3877 nuttam
344 3830 496 3878 curuum
516 3805 637 3880 inveni
650 3807 690 3877 in
709 3802 851 3877 homine
871 3806 941 3878 isto
943 3861 957 3895 ,
975 3832 1023 3878 ezr
1038 3804 1095 3879 lu‘s
1114 3808 1153 3880 in
1169 3811 1254 3905 qui-

189 3920 254 3995 bus
269 3947 355 3994 eum
373 3925 571 3997 accusatis.
591 3921 669 3996 Sed
685 3949 801 4024 neque
816 3922 996 3997 Herodes.
1015 3923 1118 3999 Nam
1131 3926 1255 3998 renrisi

189 4064 253 4112 uos
268 4037 326 4110 ud
345 4037 468 4127 illum,
489 4056 523 4111 et
541 4065 621 4113 ecce
638 4039 733 4112 nr'lril
750 4039 906 4141 dignum
922 4059 1034 4114 niorto
1053 4058 1176 4116 actum
1198 4058 1251 4116 est

192 4154 257 4226 tt.
279 4154 527 4230 Emeudmum
548 4182 634 4254 ergo
652 4155 756 4231 illum
771 4157 967 4233 dinuuam.
989 4155 1132 4234 Sciebat
1154 4159 1251 4232 enim
1324 4141 1329 4159 ’
