2894 4958
567 436 685 499 LlBER
706 438 861 500 PRIMUS.
1206 440 1245 502 65

183 556 435 658 leapendetet
442 557 642 659 pmpltetae.
658 559 903 657 Interrogatus
915 557 958 629 de
971 555 1131 648 Christo,
1147 562 1247 657 cujus

184 688 276 749 esset
300 672 416 762 filius,
434 671 655 761 confutavit,
674 690 711 747 et
727 672 911 747 Christum
928 672 1040 746 David
1056 671 1246 747 dominum

182 789 443 880 manifestavit,
457 806 494 887 et
508 791 577 863 illis
588 774 774 864 silentiuni
787 791 855 864 tale
868 791 1059 889 imposuit,
1076 806 1117 864 ut
1128 791 1249 867 nullus

183 905 337 981 auderet
353 932 437 980 eum
453 933 497 980 ex
515 905 574 979 illa
594 905 652 979 die
673 904 825 1005 amplius
842 906 1064 1007 interrogare
1070 935 1082 995 3
1102 904 1162 980 sed
1173 909 1250 1006 jam

184 1037 309 1122 aperte
324 1023 530 1098 niterentur
542 1048 702 1096 romanae
715 1006 883 1123 potestati
899 1024 1037 1098 tradere
1057 1024 1126 1123 (1).
1145 1025 1251 1099 Tune

184 1140 285 1216 Jeaus
297 1137 342 1210 ad
357 1135 499 1226 turbas,
514 1137 779 1238 discipulosque
790 1163 872 1212 suos
882 1138 1024 1212 loeutus
1040 1154 1115 1212 est:
1133 1128 1254 1242 Sapei

186 1254 401 1350 cathedram
411 1255 537 1353 Moysi
545 1255 714 1331 sederant
726 1253 855 1328 scribta
867 1254 1098 1356 etpltarisoei.
1119 1255 1253 1329 Omnia

186 1396 273 1470 ergo
289 1395 526 1470 qaaecumque
541 1370 703 1442 dixerint
715 1368 822 1442 uobis
830 1424 842 1458 ,
853 1386 990 1445 servate
1003 1371 1179 1468 etfacite;
1196 1398 1254 1444 se-

186 1486 451 1562 cundam'aem
465 1513 577 1590 opera
593 1513 717 1560 eoram
731 1482 1256 1584 notitefacera.1)tcantenim

187 1619 224 1676 et
233 1604 485 1696 malaciam(
494 1603 666 1703 Alligant
681 1619 921 1675 artemonem
931 1605 1063 1701 gravia
1075 1619 1109 1677 et
1120 1608 1257 1707 impor-

187 1714 335 1812 tabilia,
343 1738 378 1794 et
384 1712 575 1823 imponunt
581 1721 619 1793 ia
626 1719 792 1793 lianteros
799 1718 1002 1805 hominum
1010 1718 1129 1819 digito
1136 1738 1258 1794 autem

187 1863 256 1909 sao
273 1824 403 1911 nolant
416 1863 461 1910 ea
474 1861 625 1911 movere.
646 1835 782 1908 Omnia
798 1859 884 1907 vero
898 1860 1012 1936 opera
1027 1862 1096 1907 saa
1102 1836 1259 1933 faciant

190 1969 230 2024 ut
242 1952 495 2027 videantarab
507 1953 726 2028 hominibus.
744 1951 914 2026 Dilatum
923 1954 1020 2025 enim
1023 1952 1259 2055 phylacteria

188 2084 320 2141 suaet
347 2070 584 2169 magnificant
598 2068 785 2169 fimbrias.
812 2069 952 2142 Amant
974 2085 1097 2140 autem
1118 2071 1259 2170 primos

189 2183 371 2258 recubitus
395 2189 433 2258 in
454 2189 586 2274 coenis,
605 2201 640 2258 et
657 2187 800 2288 primas
822 2185 1016 2259 cathedras
1038 2187 1078 2257 in
1098 2213 1260 2286 ⁴tyrsago·

186 2302 270 2400 gis,
295 2317 331 2373 et
347 2301 583 2375 salutationes
601 2304 640 2373 in
649 2299 763 2400 foro,
783 2317 818 2374 et
835 2303 968 2375 vocari
983 2301 1031 2375 ab
1053 2301 1259 2377 hominibus

189 2416 327 2490 Rabtt.
347 2418 392 2490 V
386 2442 427 2490 os
440 2433 564 2493 autem
575 2419 687 2491 nolite
699 2420 830 2491 vorari
839 2417 979 2505 Babba,-
994 2447 1087 2494 anas
1099 2437 1152 2494 est
1164 2423 1261 2493 enim

189 2536 369 2635 magister
386 2551 519 2621 aester,-
543 2562 666 2607 omnes
688 2551 810 2609 aretem
832 2562 899 2610 uos
915 2536 1055 2632 fratres
1081 2541 1180 2612 estis.
1207 2540 1261 2612 Et

186 2667 332 2752 patrem
340 2650 453 2724 nolite
462 2650 707 2723 vorarevobis
717 2677 827 2752 saper
836 2667 985 2738 terram,·
999 2681 1092 2725 anas
1102 2670 1155 2725 est
1165 2655 1260 2727 enim

184 2782 297 2866 pater
311 2779 442 2852 aester,
460 2766 525 2864 qai
536 2765 574 2838 in
587 2765 690 2838 coelis
703 2781 766 2839 est.
785 2765 866 2840 Nea
877 2769 1063 2839 vocemini
1074 2771 1260 2866 magistri,

191 2883 281 2980 qaia
297 2883 475 2982 magister
487 2897 606 2955 vester
621 2908 714 2953 anus
726 2898 778 2954 est
796 2881 973 2956 Christus.
992 2881 1069 2982 Qui
1079 2885 1264 2982 majorest

189 3015 347 3072 uestram
354 3054 368 3088 ,
383 3001 450 3072 erit
465 3001 628 3072 minister
637 3016 769 3072 vester.
793 2998 870 3099 Qui
885 3017 1005 3073 autem
1023 3027 1062 3074 se
1073 3001 1262 3075 exaltave-

190 3120 254 3203 rit,
274 3113 540 3202 humiliabitur)-
554 3133 589 3187 et
606 3119 724 3215 quise
740 3114 1000 3206 humiliaverit,
1020 3115 1256 3189 exaltabitur.

193 3229 236 3303 V
230 3256 265 3302 ω
283 3230 408 3321 vobis,
429 3232 560 3305 scriboe
580 3249 614 3304 et
628 3232 812 3334 pharisaei
825 3230 1025 3333 Ippoeritae
1033 3290 1047 3323 ,
1067 3235 1133 3333 qai
1154 3233 1259 3305 claa-

192 3343 278 3415 ditis
299 3372 452 3443 regnam
471 3347 645 3420 coelorum
662 3365 748 3421 ante
768 3348 941 3422 ltouzines.
972 3351 1050 3422 Vos
1067 3350 1164 3421 enim
1183 3375 1258 3421 non

193 3459 354 3549 intratis,
374 3489 442 3535 nec
460 3464 677 3538 introeuntes
700 3467 820 3538 sinitis
844 3467 1000 3537 introire.
1019 3467 1119 3539 lesus
1137 3465 1256 3566 itaque

192 3575 305 3649 multa
322 3576 555 3653 saluberrima
570 3581 700 3670 edidit,
719 3582 897 3681 simplices
913 3581 1060 3674 docuit,
1079 3581 1256 3684 hypocri-

192 3702 242 3762 tas
258 3690 504 3791 reprehendit.
523 3695 679 3769 Locutus
696 3711 749 3769 est
761 3695 806 3770 de
817 3695 1022 3796 jurantibus
1040 3698 1078 3770 in
1097 3697 1254 3796 templo,

192 3820 227 3879 et
248 3832 339 3881 auro
358 3809 458 3910 quod
479 3810 518 3883 in
543 3811 678 3911 templo
697 3827 768 3900 est3
794 3811 838 3886 de
856 3811 959 3885 altari
986 3828 1022 3886 et
1044 3811 1149 3886 donis
1173 3839 1254 3913 quae

194 3919 228 3994 in
248 3922 327 4021 ipso
343 3923 511 4014 sunt32de
528 3924 648 4000 divina
665 3929 818 4026 pietate,
839 3953 920 4028 quae
937 3926 1130 4028 prophetas
1148 3944 1184 4002 et
1204 3929 1256 3998 sa·'

225 4189 263 4259 (ι)
281 4179 382 4245 mauu
395 4207 460 4260 xxu,
471 4188 572 4259 34-463
584 4192 669 4248 Marc.
682 4210 736 4262 ιιι,
747 4190 831 4269 28-37
839 4217 847 4260 ;
860 4192 926 4247 Luc.
942 4210 991 4261 xx,
1003 4194 1098 4258 ibli-

266 4306 291 4351 ι.
1089 4283 1110 4353 5
