2894 4958
189 421 249 484 166
464 415 650 479 HISTORIA
669 414 975 478 Recursus'rlct.

236 539 360 614 Mense
370 536 487 627 meio,
500 537 590 611 feris
607 548 661 633 tu·¹
675 536 818 637 sanguis
835 533 1136 635 superopersrios
1143 533 1250 635 pluit

188 654 327 732 Eodem
342 679 460 741 nuno,
490 679 612 728 mense
631 649 848 753 septembri,
866 650 1069 725 Ludovious
1091 676 1157 726 rex
1174 667 1256 752 post

187 771 319 846 multas
330 767 583 843 tribulationes
598 782 765 844 mortuus
781 780 852 855 est,
868 782 905 842 et
916 766 1038 841 Remis
1057 765 1095 840 in
1111 765 1254 841 besilius

189 895 309 968 Sancti
323 892 475 991 Remigii
488 891 648 991 sepultus
661 906 715 964 est
729 890 802 989 (1).
818 887 1010 964 Lothurius
1022 904 1145 964 nutem
1162 888 1255 965 filim

188 1015 263 1114 ejus
280 1011 401 1085 Remis
422 1010 459 1082 in
478 1035 598 1109 regem
618 1021 750 1080 unctus
766 1020 840 1097 est,
861 1022 898 1081 et
914 1031 967 1080 vn
984 1007 1090 1080 annis
1109 1021 1255 1082 strenue

187 1151 302 1229 regno
319 1127 458 1227 potitus
480 1139 546 1197 est.
567 1124 672 1196 Tune
688 1123 794 1222 Hugo
816 1122 968 1223 Magnus
991 1122 1256 1196 Aurelianensis

187 1245 260 1318 dux
288 1246 535 1332 Francorum,
568 1241 707 1313 eunctis
738 1239 950 1340 proceribus
978 1238 1173 1314 sublimior
1200 1240 1257 1315 di-

187 1363 284 1436 vitiis
295 1378 332 1435 et
344 1360 506 1460 potentia
519 1358 647 1458 viguit.
664 1357 731 1433 Hic
745 1357 856 1432 liliam
870 1358 1016 1433 Ottonis
1030 1358 1255 1458 imperatoris

188 1482 378 1580 conjugem
390 1474 536 1561 habuit,
554 1502 638 1576 quae
655 1490 724 1547 tres
735 1476 767 1549 ei
785 1474 879 1549 filios
889 1476 1049 1576 peperit,
1060 1476 1255 1577 {ingonem

188 1612 226 1672 et
241 1597 414 1671 Ottouem
430 1609 465 1668 et
485 1593 701 1681 Henricum,
722 1608 759 1667 et
777 1592 888 1668 liliam
905 1594 1055 1667 nomine
1067 1595 1252 1683 Emmum,

187 1741 269 1817 quse
284 1711 464 1787 Richardo
476 1712 609 1786 seniori
627 1711 925 1786 Normunnorum
939 1712 1021 1785 duci
1036 1712 1181 1812 nupsit,
1198 1707 1256 1786 sod

186 1832 264 1906 sine
279 1829 402 1904 liberis
417 1827 512 1903 obiit
529 1828 545 1927 (
569 1828 600 1927 ).

236 1946 402 2024 Secundo
417 1972 516 2021 anno
528 1944 689 2020 Lotharii
703 1945 817 2046 regis,
832 1970 954 2018 mense
970 1959 1140 2046 augusto,
1153 1945 1256 2045 llugo

188 2065 343 2165 Magnus
350 2061 501 2135 Pictavis
513 2061 694 2134 civitatem
707 2058 860 2133 obsedit.
871 2059 939 2133 Sed
951 2060 1142 2147 Dominus,
1153 2058 1259 2134 meri·

189 2181 234 2252 tis
241 2179 353 2252 saneti
363 2179 485 2251 llilnrii
494 2177 657 2277 praesulis
664 2193 701 2250 et
711 2177 856 2277 patroni
867 2175 1024 2275 ejusdem
1031 2174 1147 2266 urbis,
1161 2175 1260 2251 terri·

188 2292 314 2372 biliter
322 2294 496 2369 intonuit.
510 2292 710 2369 Vehemens
720 2307 839 2367 autem
850 2291 960 2367 turbo
972 2292 1195 2393 papilionem
1202 2290 1260 2366 du·

190 2411 240 2483 cis
250 2409 431 2513 disripuit,
445 2410 633 2514 ipsumque
643 2436 727 2482 cum
739 2411 899 2484 exercitu
910 2436 976 2485 suo
986 2426 1116 2511 stupor
1126 2400 1259 2483 nimius

190 2528 338 2617 invasit,
360 2541 398 2601 et
415 2529 535 2601 statim
552 2527 597 2601 ab
615 2526 716 2605 urbis
734 2526 923 2605 obsidione
940 2528 1078 2630 legavit
1096 2530 1112 2628 (
1137 2530 1168 2629 ).
1188 2529 1260 2651 Eo-

189 2843 325 2900 chercher
337 2862 376 2899 uu
385 2843 482 2917 refuge
492 2845 592 2917 uepres
601 2843 640 2897 dn
648 2853 740 2899 comte
749 2843 785 2899 do
792 2844 914 2900 Vienne.
925 2844 1014 2901 Notte
1025 2856 1125 2901 auteur
1136 2854 1263 2905 remonte

190 2934 298 2990 ensuite
306 2934 417 3008 jusqu't
429 2933 454 2989 lu
466 2932 577 2989 batuille
589 2932 624 2988 de
636 2933 763 2989 Soissous
777 2931 823 3000 (15
834 2934 898 3005 juin
909 2932 983 3010 923).

225 3023 265 3093 (r)
282 3022 335 3077 Ces
347 3020 421 3076 deux
432 3024 622 3089 e'venements,
636 3020 706 3076 dont
718 3021 743 3076 le
753 3022 823 3076 re'eit
832 3032 874 3077 est
882 3024 1057 3096 emprunteb
1069 3021 1095 3077 la
1108 3021 1265 3098 chronique

191 3112 335 3186 d'Hugues
353 3111 390 3167 de
402 3110 510 3180 Fleuri,
525 3112 594 3166 aiud
610 3111 714 3185 qu’une
728 3110 832 3184 grande
847 3112 937 3185 partie
950 3111 985 3167 de
1000 3131 1031 3166 oe
1048 3111 1097 3187 qui
1110 3130 1142 3166 va
1154 3113 1260 3180 suiere,

189 3203 403 3277 appartieunent
420 3204 437 3256 t
454 3201 560 3257 l'annee
577 3199 641 3275 954.
660 3200 940 3258 Leuis-d'Outremer
954 3211 1069 3257 mourut
1086 3205 1102 3256 t
1120 3201 1219 3257 Reims
1234 3199 1267 3259 lt

193 3313 224 3350 ιο
236 3293 407 3367 septembre,
420 3303 450 3348 et
461 3291 550 3350 luten
562 3290 628 3347 effet
639 3294 750 3348 euterrd
763 3291 832 3348 (lans
843 3292 947 3367 l’e'glise
960 3291 1146 3351 saint-Remi.

223 3385 263 3456 (u)
282 3385 319 3440 le
334 3384 377 3439 roi
392 3382 523 3439 Lothuire
538 3382 611 3437 avait
626 3383 712 3438 treize
728 3401 776 3438 ans
793 3383 918 3459 lorsqu’il
934 3384 978 3439 sut
996 3387 1072 3439 sucre
1087 3386 1103 3438 t
1120 3383 1220 3440 Reims
1234 3381 1264 3440 lo

193 3491 223 3529 ια
236 3475 385 3529 novembre
396 3471 458 3549 954.
473 3474 511 3529 Lu
523 3472 610 3529 dureo
622 3472 657 3529 de
670 3491 721 3529 son
732 3474 820 3549 regne
832 3474 876 3533 u’a
888 3493 936 3548 pus
949 3477 994 3531 ete
1005 3474 1040 3531 de
1052 3484 1129 3549 sept,
1142 3474 1215 3530 mais
1226 3472 1263 3531 do

188 3575 280 3622 trente
294 3575 324 3619 et
337 3583 375 3620 un
388 3583 445 3619 ans.

224 3653 512 3727 Hngues-le·Gran‹l,
526 3653 581 3709 due
595 3651 631 3709 (le
644 3653 787 3712 Fruuoeet
796 3652 831 3709 de
844 3652 1025 3727 bourgogne,
1036 3663 1128 3713 comte
1137 3651 1174 3709 de
1184 3652 1264 3711 earu

189 3756 218 3800 et
234 3744 396 3812 d'Orlesus‚
417 3744 505 3818 figura
524 3763 573 3799 sur
588 3743 615 3799 la
632 3745 712 3798 soene
732 3742 868 3818 polilique
882 3742 981 3817 depuis
998 3760 1051 3818 922
1066 3742 1177 3818 jurqu’t
1189 3740 1262 3818 956,

189 3836 297 3908 epoque
314 3832 350 3887 de
368 3850 396 3888 sa
411 3844 495 3888 mort.
514 3833 555 3888 De
572 3851 600 3888 sa
617 3832 759 3887 troisieme
773 3832 876 3887 semme
895 3831 1032 3889 Hadwide
1050 3850 1088 3887 ou
1104 3830 1262 3906 liudwige,

189 3943 264 3980 soeur
277 3934 306 3978 et
317 3942 372 3978 non
386 3941 434 3996 pas
447 3923 502 3978 lille
515 3921 550 3977 de
563 3923 729 3996 l'empereur
740 3922 884 3992 Ottou1⁸¹,
899 3920 919 3976 il
931 3931 981 3977 eut
990 3940 1046 3977 nou
1059 3921 1215 3977 seulement
1222 3919 1264 3977 les

188 4023 287 4084 quatre
300 4011 409 4068 eulants
422 4011 596 4067 mentionees
609 4011 662 4079 iei,
682 4010 751 4066 mais
766 4029 868 4066 encore
886 4027 942 4065 une
956 4010 1011 4065 lille
1024 4009 1117 4078 alode,
1131 4010 1265 4066 nomm&

190 4101 309 4164 beatrix.

223 4189 262 4269 (5)
280 4192 320 4247 Ce
330 4191 400 4253 u'est
410 4191 490 4269 point
498 4189 567 4250 dens
579 4189 604 4248 ta
617 4189 776 4260 densitare,
788 4192 857 4251 meis
866 4190 934 4250 daus
943 4190 968 4252 la
977 4190 1115 4270 premiere
1123 4193 1213 4259 euuee
1221 4188 1261 4251 du
