2894 4958
185 488 245 550 362
461 484 645 545 HISTORIA
667 483 971 547 uccuususuca

185 608 241 680 nis
256 603 489 679 saluberrima
502 606 586 678 vitae
600 620 777 704 praecepta
794 602 939 704 publice
951 605 1242 704 praedicaverunt.

187 726 291 797 Tunc
305 721 355 796 ibi
368 723 545 798 Dominus
556 724 656 797 lesus
669 722 776 796 beato
789 724 897 797 Petro
911 723 1097 824 apparuit,
1113 741 1152 800 et
1164 727 1247 799 Mar·

187 842 306 917 tialem
326 840 371 914 ad
387 841 656 941 praedicandum
669 840 1082 941 provinciisGalliarum
1101 844 1248 946 dirigere

187 958 373 1058 praecepit.
394 955 458 1030 llle
478 982 564 1031 vero
581 956 781 1030 Martialem
797 954 841 1028 ad
858 983 896 1031 ae
911 959 1092 1067 accersiit,
1114 961 1248 1061 eiquea

188 1072 264 1146 Deo
281 1072 450 1171 imperata
468 1098 534 1172 per
547 1070 714 1145 ordinem
727 1071 918 1146 enarravit.
936 1070 1017 1166 Quo
1028 1073 1170 1164 audito,
1184 1102 1251 1178 gn·

188 1190 281 1264 viter
293 1189 409 1277 llevit,
426 1190 511 1289 quia
524 1190 764 1290 longinquam
776 1191 979 1292 regionem,
994 1191 1251 1295 hominumque

185 1304 391 1380 barbariem
399 1305 501 1379 valde
510 1306 712 1406 pertimuit.
726 1306 843 1399 Quem
853 1304 977 1380 beatus
987 1310 1116 1399 Petrus
1129 1308 1250 1383 blande

188 1420 391 1497 consolatus
410 1434 463 1494 est
472 1475 483 1508 ,
502 1448 542 1493 ac
558 1420 602 1494 ad
618 1421 887 1520 praedicandum
902 1421 1072 1511 mittens,
1089 1422 1209 1497 divina
1222 1425 1250 1497 ei

189 1537 414 1613 monimenta
428 1555 687 1612 rememoratus
700 1553 766 1612 est.
782 1537 856 1613 Nec
872 1563 972 1613 mora
990 1539 1167 1615 Martialis
1178 1566 1250 1612 cum

187 1653 329 1731 duobus
352 1654 591 1757 presbyteris,
611 1653 804 1756 Alpiniaiao
822 1673 859 1731 et
879 1655 1184 1747 Austricliniano,
1202 1659 1252 1730 in·

183 1775 352 1872 junctum
382 1773 452 1847 iter
473 1775 639 1874 arripuit.
664 1774 734 1849 Sed
760 1775 924 1873 incoepto
950 1775 1100 1865 itinere,
1123 1775 1251 1848 Austri-

189 1892 364 1966 clinianus
383 1890 488 1965 obiit.
509 1894 660 1966 Moestus
683 1919 769 1993 ergo
791 1892 962 1967 Martialis
979 1894 1137 1969 Romam
1156 1917 1251 1991 repe·

189 2009 306 2101 davit,
321 2025 358 2084 et
373 2010 502 2084 sodalis
516 2027 672 2085 mortem
685 2013 794 2084 Petro
807 2011 1001 2083 nuntiavit.
1018 2011 1131 2085 Petro
1143 2025 1250 2083 autem

188 2127 439 2226 praecipiente,
457 2126 500 2200 ad
517 2126 729 2200 defunctum
745 2126 894 2200 fratrem
911 2128 1105 2216 remeavit,
1126 2142 1164 2199 et
1179 2149 1252 2224 apo·

188 2244 271 2318 stoli
292 2243 449 2319 bacterio
472 2245 529 2343 (r)
556 2244 718 2318 defuncti
741 2244 933 2320 sacerdotis
953 2245 1104 2319 cadaver
1122 2245 1248 2345 tetigit,

188 2359 252 2458 qui
265 2360 403 2433 meritis
421 2375 457 2433 et
471 2359 695 2435 orationibus
712 2378 920 2435 sanctorum
934 2361 1116 2434 redivivus
1130 2376 1250 2435 extem·

191 2474 253 2575 plo
272 2477 440 2548 surrexit.

237 2593 375 2667 Deinde
404 2593 578 2666 Martialis
606 2621 690 2668 cum
713 2594 896 2692 discipulis
923 2594 996 2666 suis
1023 2593 1177 2668 'l'ullum
1200 2591 1248 2689 (a)

190 2709 375 2787 castellum
404 2712 525 2797 venit,
558 2708 682 2810 ibique
707 2708 752 2781 ab
782 2710 938 2784 Arnullo
963 2710 1076 2785 divite
1106 2711 1250 2810 bospitio

189 2843 353 2927 receptus
366 2827 464 2900 binis
477 2825 660 2901 mensibus
671 2829 803 2899 mansit
809 2883 820 2916 ,
836 2844 872 2901 et
883 2824 1034 2900 verbum
1047 2829 1112 2900 Dei
1126 2852 1250 2909 annua·

191 2948 280 3037 tiare
304 2945 454 3018 studuit.
483 2945 617 3017 Multus
640 2970 725 3017 vero
749 2945 903 3043 populus
927 2944 970 3016 ad
994 2971 1076 3017 eum
1101 2941 1250 3045 quotidie

191 3060 414 3149 confluebat,
434 3077 469 3135 et
487 3060 532 3134 ab
550 3087 593 3135 eo
610 3060 763 3133 salubria
783 3062 920 3135 monita
936 3076 1124 3160 gratanter
1140 3057 1251 3133 audie-

226 3374 265 3444 (ι)
283 3373 441 3446 Synonyme
452 3369 488 3424 de
503 3370 633 3438 baculus,
647 3367 903 3443 particulierement
914 3366 1042 3440 employd
1054 3385 1105 3440 par
1115 3366 1155 3422 les
1165 3365 1254 3439 hagio·

210 3482 241 3517 ra
260 3462 319 3517 bes.

136 3567 138 3571 ·
192 3480 265 3624 gg)
283 3549 307 3605 Il
326 3569 361 3606 ne
373 3548 454 3621 s'agit
472 3567 521 3622 pas
539 3549 591 3613 ici,
613 3565 721 3602 comme
738 3565 775 3601 on
792 3545 917 3618 poumit
932 3543 958 3599 le
977 3545 1068 3600 croire
1087 3563 1126 3600 au
1143 3543 1254 3618 premier

190 3659 263 3714 coup
276 3640 363 3708 d'oeil‚
378 3639 414 3694 de
423 3638 449 3693 la
462 3637 526 3693 ville
537 3637 572 3692 de
582 3636 663 3692 Tulle
672 3655 708 3690 en
720 3636 875 3703 Limousin,
889 3633 958 3688 dont
971 3633 1077 3688 lenoni
1091 3633 1162 3689 latin
1173 3653 1189 3688 a
1200 3643 1253 3686 tou·

191 3730 270 3802 jours
283 3731 327 3786 ete
340 3729 454 3795 Tutela,
469 3739 497 3782 et
506 3728 555 3802 qui
565 3747 580 3783 a
592 3728 681 3781 memo
690 3728 770 3799 porte
779 3744 813 3780 en
826 3725 958 3799 franceis,
968 3724 1081 3800 jusqu’la
1092 3742 1150 3780 une
1158 3726 1255 3797 epoque

194 3837 267 3876 assez
286 3821 413 3886 recente,
434 3816 505 3871 celui
525 3817 560 3872 de
579 3815 686 3872 Tuelle.
701 3816 777 3871 Nous
794 3834 909 3889 croyons
928 3814 1022 3869 devoir
1040 3813 1137 3888 placer
1153 3814 1255 3869 Tullius

198 3910 328 3967 Castrum
340 3907 409 3963 dans
421 3926 460 3961 un
473 3906 529 3961 lieu
548 3907 604 3961 fort
616 3906 692 3961 dieve
709 3905 744 3960 de
761 3907 785 3959 la
800 3907 928 3972 Marche‚
948 3904 1044 3978 appele
1060 3904 1156 3959 Toulx
1169 3901 1255 3958 surlet

194 4007 283 4054 canes
302 3995 475 4060 decantat,
494 4005 522 4050 et
539 3996 610 4050 aitue
630 3993 796 4067 aplusiours
812 3995 897 4049 lieues
917 4011 952 4047 au
970 3993 1069 4047 u-E.
1091 3991 1128 4048 de
1147 3992 1254 4048 Gue'ret

194 4088 235 4143 M.
249 4082 389 4157 Leyraud‚
404 4080 506 4155 do'putu
523 4083 557 4139 de
571 4084 595 4137 la
610 4085 726 4151 Creusa,
746 4085 793 4157 qui
809 4100 878 4138 nous
896 4081 930 4137 l‘a
941 4080 1074 4155 indique,
1090 4082 1185 4154 ajoute
1195 4074 1254 4152 qu’il

195 4175 234 4247 e'y
250 4183 347 4228 uouve
360 4167 578 4240 l’emplacernont
591 4170 674 4225 d’une
690 4172 817 4226 enceinte
830 4168 965 4236 fortifide,
984 4178 1013 4223 et
1029 4167 1177 4241 beaucoup
1188 4165 1254 4221 d’au·

194 4263 313 4336 aquitae
324 4259 472 4316 mmaiaea.
