2894 4958
536 345 882 444 unmsecuuuus.
1184 387 1244 446 eis

178 495 293 583 libros
315 495 460 597 ignibus
481 521 709 572 concremare
725 501 839 599 coepit
848 555 859 590 ,
879 500 940 574 sed
951 505 1053 600 jussu
1069 506 1243 601 apostoli,

177 640 227 689 nc
236 613 331 688 odor
344 612 500 688 incendii
510 612 769 688 maleficiorum
780 633 925 691 vexaret
934 619 1095 692 incautos
1102 673 1113 708 ,
1127 620 1246 696 zaber-

179 756 243 805 nas
258 730 371 830 petris
387 745 424 804 et
444 729 597 829 plumbo
619 730 781 830 impletas
799 733 837 806 in
861 759 959 808 mare
981 731 1163 808 demersit.
1188 737 1246 810 Sic

176 844 226 921 ab
237 847 341 922 omni
358 844 618 920 maleficiorum
634 872 744 922 onere
758 847 912 922 nudatus
929 852 1173 952 Hermogenes
1187 879 1245 926 re·

178 961 342 1063 pedivit,
361 977 398 1037 et
412 963 565 1062 apostoli
581 963 721 1063 plantas
738 965 923 1039 humiliter
941 969 1080 1058 tenuit,
1102 996 1244 1043 veram-

177 1079 357 1181 queDeo
384 1081 640 1181 poenitentiam
667 1080 857 1172 exhibuit,
889 1098 927 1158 et
952 1082 1058 1160 beato
1082 1087 1247 1185 apostolo

176 1195 365 1273 adbaerem
382 1199 420 1273 in
445 1197 615 1272 omnibus
636 1196 911 1299 obtemperavit.
935 1204 978 1275 ln
1002 1203 1133 1277 timore
1159 1230 1246 1278 vero

178 1315 245 1389 Dei
262 1316 311 1388 ita
328 1319 442 1416 coepit
458 1343 531 1391 esse
554 1317 752 1416 perfectus,
773 1335 815 1390 ut
834 1320 986 1394 virtutes
1003 1321 1111 1393 etiam
1122 1305 1247 1421 >pluri-

177 1457 255 1506 mas
277 1460 344 1532 per
362 1461 446 1507 eum
465 1433 601 1508 faceret
622 1435 800 1509 Dominus
808 1465 819 1525 ;
843 1434 976 1538 quibus
996 1439 1098 1527 visis,
1126 1438 1248 1539 plures

175 1548 223 1625 ad
238 1549 439 1625 Dominum
459 1553 620 1629 conversi
637 1566 744 1640 suut,
765 1553 900 1627 relictis
914 1553 1100 1628 erroribus
1124 1555 1249 1628 suiset

176 1661 417 1739 facinoribus.

225 1783 341 1857 Judaei
358 1799 479 1858 autem
497 1785 535 1858 in
553 1786 714 1885 nequitia
736 1801 1018 1883 perseverantes,
1038 1811 1122 1858 cum
1138 1785 1250 1858 vidis-

176 1914 261 1974 sent
283 1926 449 2000 magum,
480 1927 589 2001 quem
618 1901 795 1974 invictum
821 1900 1018 2001 putabant,
1051 1917 1089 1976 et
1114 1903 1249 1976 amicos

177 2019 255 2116 ejus
268 2017 307 2089 in
319 2016 505 2090 Christum
516 2017 713 2106 credentes,
727 2016 1003 2091 centurionibus
1010 2017 1249 2115 ierosolymo

177 2161 263 2211 mm
279 2139 397 2238 Lysias
422 2163 464 2211 ac
490 2135 687 2212 Theocrito
714 2139 882 2236 pecunias
900 2135 1133 2226 obtulerunt,
1163 2153 1248 2211 ten-

178 2267 331 2354 tumque
345 2252 520 2328 Jacobum
536 2255 574 2326 in
590 2253 789 2328 custodiam
811 2253 1000 2326 miserunt.
1027 2257 1134 2327 Facta
1162 2281 1249 2328 vero

177 2367 375 2457 seditione,
399 2367 528 2442 ductus
549 2368 668 2442 estad
689 2368 927 2457 audientiam,
954 2382 992 2442 et
1017 2369 1137 2442 mirati
1164 2386 1250 2442 sunt

177 2510 306 2560 omnes
328 2488 402 2582 ejus
425 2485 463 2557 in
486 2485 644 2558 Domino
673 2484 925 2558 constantiam.
956 2487 1202 2586 Interrogatus
1226 2515 1247 2559 a

177 2598 382 2701 pharisaeis,
408 2602 546 2699 optime
561 2599 767 2699 respondit,
792 2615 829 2673 et
849 2599 895 2674 de
910 2601 1041 2673 sanctis
1059 2603 1248 2701 scripturis

178 2716 378 2816 prudenter
399 2732 436 2788 et
459 2715 673 2816 eloquenter
693 2715 870 2788 tractavit.
895 2714 1001 2789 Unde
1023 2716 1250 2790 nativitatem

178 2829 226 2904 de
247 2830 380 2903 intacta
396 2830 547 2930 Virgine
574 2844 610 2902 et
633 2830 835 2929 passionem
860 2856 901 2902 ac
924 2830 1246 2917 resurrectionem,

179 2960 219 3020 et
239 2959 368 3018 caetera
391 2971 475 3046 que
499 2943 544 3018 de
564 2944 709 3019 Christo
729 2943 902 3018 catholica
919 2941 1115 3017 confitetur
1133 2943 1250 3018 ecele—

180 3063 253 3151 sia,
272 3061 567 3165 irrefragabiliter
583 3061 765 3162 probavit.
781 3061 949 3135 Feliciter
962 3062 1125 3161 apostolo
1144 3087 1251 3160 pero-

179 3194 285 3254 rante
300 3206 427 3254 omnes
444 3179 694 3269 crediderunt,
711 3194 818 3279 atque
836 3194 978 3277 peccata
993 3205 1055 3251 sua
1071 3176 1251 3252 coufiten-

181 3310 252 3384 tes,
272 3296 428 3370 ecclesia
446 3296 511 3369 Dei
528 3295 683 3370 fideliter
696 3295 938 3369 adhaeserunt.

230 3418 315 3486 Post
326 3413 466 3514 aliquot
478 3413 570 3501 dies,
583 3412 756 3486 Abiathar
770 3413 955 3513 pontifex,
970 3411 1094 3485 videns
1106 3427 1249 3485 tantum

181 3529 341 3606 Domino
361 3531 537 3630 populum
561 3529 768 3618 credidisse,
789 3529 927 3618 doluit,
951 3528 1113 3628 datisque
1135 3556 1251 3629 pecu-

181 3648 272 3738 niis,
290 3664 345 3720 sat
365 3647 529 3723 acerbam
546 3647 761 3722 seditionem
780 3646 948 3722 excitavit
955 3674 967 3736 ς
997 3647 1046 3719 ita
1073 3661 1116 3719 ut
1137 3648 1250 3722 Josias

181 3762 297 3838 amiba
312 3765 437 3840 funem
457 3769 494 3837 iu
511 3764 608 3839 collo
629 3762 781 3864 apostoli
798 3763 981 3856 mitteret,
1000 3762 1189 3862 ipsumque
1203 3765 1248 3836 ad

182 3888 395 3981 praetorium
416 3882 567 3958 Herodis
591 3883 685 3982 regis
711 3881 776 3954 lilii
800 3879 999 3954 Aristoboli
1023 3879 1247 3978 perduceret.

183 3998 340 4072 llerodes
352 4015 485 4087 autem,
498 3999 618 4073 favere
630 3999 753 4073 volens
764 3998 911 4085 Judaeis,
919 3996 1025 4096 jussit
1039 4023 1122 4070 eum
1133 3997 1250 4072 decol-

183 4116 261 4190 lari.
277 4118 455 4216 Cumque
479 4116 631 4192 Jacobus
659 4116 850 4190 duceretur
879 4115 923 4188 ad
948 4114 1247 4210 decollationem,
