2916 4958
276 391 335 452 178
552 385 738 449 HISTORIA
760 386 1069 451 ltcctfflls'rtcl.

276 509 345 596 iit;
375 523 412 581 et
435 507 602 581 Cunntus
626 523 753 581 totam
768 507 937 608 Angliam
960 507 1147 596 obtinuit,
1174 525 1212 584 et
1236 537 1353 614 usqne

273 623 319 697 ad
342 639 501 699 mortem
520 624 689 725 possedit.
714 623 924 698 Eduardum
942 650 1030 700 vero
1053 643 1090 700 et
1114 625 1353 703 Edmunduin

275 741 370 817 lilios
391 740 595 835 Edmundi,
617 741 796 844 elegantes
816 739 995 832 albeolos,
1020 743 1058 816 in
1085 742 1232 818 Daciam
1253 747 1355 821 rele-

274 861 397 962 gavit,
416 875 452 934 et
469 861 684 960 Suenoregi
708 862 896 934 Bonorum
913 859 1017 933 fratri
1041 885 1128 952 suo,
1148 877 1192 934 ut
1208 889 1272 937 eos
1291 871 1354 938 in-

273 976 473 1066 terficeret,
492 975 687 1049 mandavit.
713 974 763 1048 At
783 975 843 1049 ille
859 999 1052 1078 generosos
1075 994 1113 1052 et
1137 979 1353 1055 innocentes

272 1123 406 1197 pueros
416 1097 583 1198 nequiter
592 1121 721 1170 necare
735 1096 955 1194 contempsit
964 1149 976 1187 ,
993 1095 1054 1170 sed
1067 1113 1146 1170 orta
1163 1099 1355 1174 mensione

274 1217 350 1317 regi
365 1217 560 1290 Hunorum
581 1214 661 1289 illos
684 1215 785 1314 quasi
804 1229 955 1313 nepotes
972 1239 1055 1287 suos
1071 1213 1214 1290 obsides
1234 1215 1349 1291 dedit·

274 1331 330 1405 lbi
347 1332 560 1406 Edmundus
576 1332 664 1406 clito
684 1333 875 1404 immatura
892 1347 1012 1406 morte
1029 1331 1135 1406 obiit.
1160 1333 1353 1408 Eduardus

274 1474 363 1523 vero
379 1450 442 1522 Dei
453 1465 548 1521 nutu
560 1447 672 1522 filiam
689 1450 782 1549 regis
797 1448 835 1521 in
851 1448 1126 1521 matrimonium
1137 1450 1276 1550 accepit
1285 1504 1297 1539 ,
1315 1466 1353 1525 et

274 1593 383 1666 super
405 1569 532 1639 Hunos
556 1567 733 1667 regnavit.
761 1566 945 1666 Edgarum
962 1590 1051 1640 vero
1072 1564 1288 1660 Adelinum,
1315 1579 1371 1643 et'

275 1683 506 1783 Margaritam
536 1683 699 1782 reginam
727 1683 946 1772 Scotorum,
975 1698 1012 1755 et
1039 1683 1282 1758 Christianam
1299 1687 1353 1784 (r)

275 1800 584 1875 sanctimonialem
608 1800 759 1900 genuit3
785 1824 877 1900 quos
895 1798 1083 1872 Eduardus
1107 1800 1276 1875 Edelredi
1296 1829 1354 1877 re-

275 1919 329 2021 gis
347 1918 462 2007 lilius,
487 1933 681 2019 postquam
708 1918 868 2017 patrium
881 1919 941 2016 jus
966 1917 1114 2017 adeptus
1132 1935 1204 2010 est,
1232 1945 1353 1994 accer-

275 2036 358 2127 siit,
372 2049 409 2110 et
428 2036 537 2110 veluti
555 2036 743 2137 propriam
768 2034 911 2138 prolem
930 2033 969 2106 in
988 2031 1117 2134 Anglia
1141 2034 1354 2137 benigniter

275 2151 474 2252 educavit(
499 2154 530 2252 ).

310 2379 351 2450 (r)
368 2378 444 2432 bisen
461 2377 614 2432 Christum.

310 2469 350 2540 (a)
368 2466 707 2523 Edmond-Cbte-deller
719 2453 835 2523 mesella
849 2471 865 2524 t
878 2486 928 2524 son
941 2471 1008 2543 pere
1020 2456 1153 2525 Ethelred
1170 2470 1199 2525 Il
1206 2511 1215 2538 ,
1236 2481 1314 2527 mort
1326 2470 1355 2528 le

276 2555 313 2615 αὖ
323 2557 393 2613 avril
409 2557 493 2627 1016,
510 2568 539 2614 et
551 2557 596 2613 fut
611 2557 756 2626 assassine,
771 2561 787 2613 t
803 2558 984 2633 l’instigation
997 2559 1110 2614 d’Falric
1127 2560 1244 2628 Streon,
1263 2560 1355 2616 (leals

276 2647 316 2703 fin
328 2647 364 2704 de
376 2647 525 2704 novembre
540 2647 575 2703 de
591 2647 698 2703 l’annee
713 2649 837 2704 suivante
853 2672 859 2702 :
878 2649 956 2704 Veru
958 2649 1060 2722 ferreo
1077 2653 1106 2704 ia
1120 2658 1229 2705 secreta
1241 2660 1356 2706 πωπω

277 2743 448 2815 transfixus,
463 2739 531 2794 dum
542 2743 571 2795 in
584 2758 694 2795 secessu
704 2738 850 2808 resideret,
861 2738 906 2795 dit
916 2739 1006 2794 Raoul
1016 2739 1052 2794 de
1061 2740 1169 2794 Diceto.
1181 2740 1234 2794 Les
1245 2740 1356 2796 enfanls

276 2828 314 2885 (le
325 2848 357 2885 ce
371 2831 467 2904 prinoe
478 2848 514 2885 ne
527 2829 706 2904 s‘sppeluient
717 2847 766 2903 pas
783 2817 915 2884 Edouard
927 2839 957 2884 et
972 2828 1117 2898 Edmond,
1134 2832 1203 2885 mals
1215 2829 1317 2887 Edwin
1327 2839 1357 2886 et

277 2907 419 2975 Edouard.
433 2917 481 2974 On
497 2917 712 2993 remarquerale
724 2928 784 2973 mot
796 2919 920 2974 alveolus
932 2920 941 2989 (
948 2918 1051 2990 olive),
1066 2917 1256 2992 particulierl
1272 2929 1356 2975 notre

277 3020 390 3077 auteur,
413 3019 443 3064 et
461 3008 530 3084 qn'il
549 3010 620 3064 ecrit
635 3008 809 3083 quelqnelois
826 3008 966 3077 albeolus,
985 3008 1054 3062 ainsi
1074 3027 1129 3083 que
1146 3007 1172 3062 la
1190 3008 1355 3078 oonfnsion‘,

277 3099 448 3157 continuelle
466 3100 533 3155 ebes
551 3118 601 3155 nos
613 3110 726 3155 auteurs
745 3098 909 3167 normands,
925 3098 963 3153 du
976 3099 1133 3155 Danemark
1147 3099 1276 3171 (Batia)
1291 3116 1357 3155 avec

276 3189 305 3247 la
321 3191 405 3246 Dacie
424 3190 472 3244 des
488 3189 608 3244 enciens.
630 3189 706 3245 C’est
721 3189 791 3245 ainsi
808 3207 864 3264 que
883 3189 953 3244 dans
968 3189 993 3244 le
1011 3189 1185 3263 paragrapho
1203 3188 1358 3263 presedere

277 3297 349 3336 nous
364 3297 449 3335 avons
461 3296 497 3333 vu
510 3278 550 3334 les
564 3272 745 3352 Norwegiens
758 3277 886 3352 designes
903 3297 954 3352 par
965 3278 992 3333 le
1009 3296 1076 3333 nom
1090 3279 1126 3334 de
1141 3278 1253 3349 Norici,
1274 3289 1304 3335 et
1317 3278 1359 3335 les

279 3369 397 3428 Suedois
411 3387 462 3443 par
477 3368 549 3423 celui
561 3367 597 3423 de
612 3369 705 3424 Saevi.

315 3461 392 3515 Tout
408 3477 440 3513 oe
461 3459 547 3532 qu’on
567 3467 681 3513 raconte
697 3476 746 3514 sur
762 3457 803 3514 les
820 3458 929 3514 enbnts
946 3456 1105 3514 d’sdmond
1122 3468 1164 3515 est
1182 3459 1304 3515 entaohe
1320 3458 1359 3515 (le

281 3547 431 3621 grossieres
455 3545 714 3601 invraisemblsnces
734 3564 772 3601 ou
795 3545 887 3602 meme
911 3547 1128 3620 impossibilites.
1153 3546 1252 3616 Ainsi,
1275 3556 1358 3603 notre

279 3647 380 3692 auteur
393 3635 432 3691 les
448 3634 499 3690 fait
512 3653 632 3709 envoyer
644 3653 695 3709 par
711 3636 805 3692 Canut
822 3637 838 3690 a
856 3653 906 3690 son
922 3635 995 3691 frere
1010 3636 1139 3705 Sue'non,
1154 3637 1197 3692 roi
1215 3636 1251 3692 de
1262 3637 1358 3693 Dane—

279 3726 369 3793 marlr,
378 3723 469 3780 tandis
480 3725 548 3800 qu’il
557 3726 601 3780 n’a
605 3725 704 3798 jamnis
713 3743 748 3780 eu
760 3723 796 3780 de
806 3724 921 3780 frerede
929 3744 959 3780 ce
968 3743 1043 3794 nom,
1055 3738 1145 3800 etque
1153 3725 1224 3780 eelui
1234 3726 1357 3800 quiper-

280 3825 361 3889 teges
373 3835 409 3871 en
422 3815 486 3872 effet
495 3835 559 3872 avoc
568 3815 608 3871 lui
621 3816 647 3871 le
654 3816 734 3873 trbne
747 3816 782 3871 de
793 3815 951 3871 Danemark
963 3814 999 3872 de
1015 3821 1082 3884 1014
1094 3819 1110 3871 i
1122 3835 1198 3894 1017,
1214 3817 1359 3892 s’appelalt

280 3904 397 3962 Harald.
406 3906 533 3962 D’autres
544 3907 606 3962 sont
615 3927 647 3963 ee
656 3908 769 3963 Suenon
778 3908 820 3963 roi
827 3906 863 3962 de
870 3907 962 3963 Suede
969 3930 976 3973 ;
984 3908 1054 3962 mais
1059 3906 1085 3963 le
1092 3907 1135 3963 roi
1142 3906 1179 3963 de
1184 3906 1278 3964 Sulde
1289 3926 1359 3963 oon-

279 3999 437 4072 temporain
449 3996 485 4053 cle
493 4000 600 4068 Canut‚
611 3998 864 4074 s’appelaitOlaiis3
874 3999 964 4067 enfin,
978 4016 1016 4054 on
1027 3999 1227 4072 laiteponserl
1238 3998 1298 4054 l'un
1309 3998 1360 4055 des

279 4087 365 4143 exiles
377 4088 403 4144 la
412 4106 486 4143 soeur
497 4086 537 4142 du
547 4090 589 4144 roi
602 4088 732 4144 Salomon
741 4087 777 4143 de
787 4089 923 4162 Hongrie,
934 4098 963 4144 et
972 4097 1053 4144 notre
1064 4087 1256 4143 auteurlel'ait
1266 4087 1360 4144 meme

281 4179 384 4254 regnet
390 4198 477 4237 surse
485 4197 560 4253 pays,
569 4189 599 4236 et
606 4179 664 4236 l’on
672 4179 759 4236 marie
768 4177 919 4235 l'autre'ala
929 4178 984 4234 fille
990 4179 1028 4235 de
1036 4177 1204 4253 l’emperenr
1210 4178 1304 4236 Henri
1313 4177 1359 4248 11,
