2894 4958
505 393 623 456 tlssttt
643 391 800 455 PRIMUS.
1146 395 1182 450 11

116 517 311 593 salvatoris
338 515 481 589 intimat
508 528 772 587 sacramentum
798 510 913 584 nostri
938 507 1183 607 baptismatis,

115 648 269 737 propter
287 629 396 707 fidem
418 644 551 705 sanctae
570 629 760 702 Trinitatis
787 640 824 702 et
842 625 1089 727 operationem
1113 626 1187 700 De-

116 752 231 854 calogi
256 749 389 851 legalis.
415 747 557 849 legifer
579 746 689 824 etiam
709 760 837 820 noster
853 745 904 819 sic
926 743 1097 818 admonet
1117 741 1187 818 ho-

117 870 234 943 mines
258 893 305 942 ne
327 864 483 940 audeant
508 865 548 938 in
574 863 717 936 infirma
746 876 854 937 aetate
882 861 1096 963 praedicare,
1124 885 1187 934 seu

118 1003 253 1061 temere
269 983 498 1084 praelationes
510 996 696 1081 appetere3
714 981 776 1055 sed
791 980 993 1083 legitimum
1008 983 1046 1053 et'
1066 994 1186 1051 matu-

118 1127 202 1174 rum
227 1117 369 1198 tempus
392 1096 436 1172 ad
458 1097 717 1186 sacerdotium,
735 1097 793 1174 vel
812 1097 856 1171 ad
880 1096 1084 1171 docendum
1107 1111 1188 1167 stu-

118 1217 227 1293 deant
243 1216 431 1291 humiliter
443 1231 643 1316 expectare.

167 1335 231 1412 tv.
259 1333 403 1411 Amodo
427 1334 742 1410 continuationem
762 1333 1021 1407 miraculorum
1040 1331 1189 1405 Domini

120 1452 237 1526 nostri
259 1452 347 1526 Jesu
372 1449 526 1541 Christi,
552 1476 636 1551 quae
663 1451 701 1523 in
727 1464 885 1551 quatuor
908 1449 1189 1550 Evangeliorum

119 1566 225 1641 libris
238 1567 370 1668 scripta
383 1582 488 1658 sunt,
507 1565 597 1641 libet
614 1568 766 1657 intueri,
784 1582 821 1640 et
832 1568 1007 1641 veraciter
1020 1590 1191 1664 compen·

119 1681 291 1783 dioseque
318 1682 457 1784 paginis
485 1696 685 1772 annotare3
712 1698 756 1755 ut
779 1682 918 1756 facilius
944 1679 1079 1756 ibidem
1104 1705 1191 1779 per-

120 1814 240 1899 specta
261 1801 399 1899 possim
419 1800 464 1873 ad
486 1815 647 1875 mentem
672 1801 854 1875 revocare.
882 1801 1019 1875 Seriem
1043 1823 1188 1886 rerum,

120 1929 233 2014 prout
251 1932 410 2016 quatuor
429 1916 655 2017 evangelistae
677 1916 962 2017 descripserunt,
988 1915 1188 2013 investigo,

122 2030 287 2131 ipsoque,
301 2031 364 2132 qui
377 2031 515 2132 linguas
527 2031 723 2105 infantium
735 2030 822 2106 facit
832 2031 1001 2122 disertas,
1016 2029 1189 2121 donante,

121 2144 282 2222 breviter
297 2148 492 2248 propinare
508 2165 678 2251 peropto.
699 2151 750 2224 Et
768 2152 851 2251 quia
867 2147 1194 2251 chronographiam

123 2259 264 2335 decrevi
285 2277 495 2354 contexere,
509 2268 649 2364 justum
667 2282 721 2342 est
744 2282 786 2339 ut
809 2267 988 2367 imprimis
1006 2262 1192 2340 certitudi-

123 2398 209 2450 nem
231 2392 438 2478 temporum
454 2378 618 2482 diligenti
640 2382 824 2483 designem
842 2381 1033 2456 conamine
1053 2411 1062 2452 ε
1083 2393 1194 2480 prout

124 2496 239 2568 sancti
268 2496 518 2598 evangelistae,
551 2500 684 2600 aliique
718 2499 1021 2600 historiographi,
1052 2500 1195 2599 scriptis

124 2609 197 2679 suis
207 2609 421 2707 jamdudum
437 2612 647 2689 enodavere.

173 2725 389 2802 Octavianus
409 2729 528 2805 Gaesar
542 2730 746 2833 Augustus,
769 2730 849 2805 Gaii
870 2731 957 2806 Julii
979 2731 1128 2806 Caesaris
1152 2757 1195 2804 ex

125 2867 251 2917 sorore
272 2842 416 2918 Octavia
437 2872 551 2946 nepos
573 2862 610 2922 et
630 2848 766 2938 haeres,
788 2850 1039 2922 Romanorum
1064 2873 1196 2922 secun·
1280 2868 1281 2872 ’

126 2957 211 3047 dus,
243 2962 535 3061 regnavitannis
561 2989 621 3038 uvt
650 2981 687 3040 et
713 2965 896 3040 mensibus
923 2992 961 3040 vt
989 2966 1068 3065 (t);
1096 2967 1196 3062 cujus

127 3085 343 3149 xt11⁰anno
376 3075 540 3152 Christus
574 3095 680 3153 natus
714 3097 780 3155 est.
811 3079 978 3155 Tiberius
1009 3079 1197 3181 privignus

127 3189 302 3292 Augusti,
327 3195 437 3269 Livioe
460 3199 583 3271 uxoris
607 3200 681 3297 ejus
706 3223 750 3272 ex
773 3199 896 3298 priore
920 3198 1053 3271 marito
1078 3196 1194 3285 lilius,

129 3525 208 3600 lcpon
226 3527 337 3586 fournie
356 3550 407 3605 par
418 3532 459 3589 lea
475 3536 641 3592 manuscrits
658 3553 766 3591 comme
782 3535 845 3610 plus
861 3553 897 3591 en
917 3535 1062 3590 harmonia
1082 3551 1147 3590 areo
1170 3532 1198 3589 la

129 3617 231 3690 phrase
249 3619 389 3692 suivante,
402 3624 473 3679 mais
492 3642 554 3680 saus
565 3643 636 3682 nous
656 3624 814 3682 dissimuler
829 3644 884 3700 que
901 3623 1009 3681 celle-ci
1022 3624 1086 3680 n’eu
1102 3625 1199 3680 reatait

130 3726 178 3781 pas
189 3709 281 3765 moins
294 3710 351 3767 fort
363 3711 489 3771 obscure.

164 3797 204 3868 (ι)
221 3798 349 3872 Auguste
365 3800 410 3857 n'a
426 3800 589 3859 reellement
604 3803 690 3877 regne
702 3802 766 3878 qu’t
784 3802 873 3878 paru'r
888 3800 924 3857 de
943 3800 969 3857 la
987 3800 1099 3857 bataille
1113 3799 1199 3856 d’Ac·

130 3882 202 3938 tium
223 3886 256 3955 (a
277 3887 433 3960 septembre
453 3887 507 3966 7²³
525 3888 562 3947 de
579 3890 684 3964 Rome)
699 3890 813 3967 josqu'i
832 3908 862 3946 aa
880 3900 956 3946 mort
972 3891 1019 3964 (19
1036 3888 1102 3944 aaut
1123 3885 1197 3964 767).

131 3972 277 4047 L’opinion
289 3977 316 4033 la
327 3978 390 4053 plus
402 3980 529 4056 generale
541 3992 583 4038 eat
594 3982 680 4058 qu’ou
692 3981 753 4040 doit
765 3982 857 4057 placer
869 3982 895 4036 la
907 3981 1046 4037 naissance
1058 3978 1095 4034 de
1105 3979 1199 4034 lesur-

131 4059 227 4206 fihrist
245 4085 280 4122 eu
295 4072 365 4143 749,
379 4080 408 4125 et
421 4090 471 4145 par
484 4075 652 4147 consequent
663 4072 731 4131 dans
742 4072 769 4129 la
780 4073 1006 4148 vingt-septilme
1019 4071 1106 4125 aranee
1121 4068 1156 4123 de
1169 4084 1201 4122 oo

164 4172 225 4226 gne.
