2894 4958
522 428 638 490 LIBER
658 429 869 491 SECUNDUS.
1168 434 1228 494 205

168 546 308 635 nuclro,
325 547 387 646 qui
403 572 508 645 super
520 571 645 619 omnes
657 571 756 645 gazas
769 547 903 646 reginae
913 545 1124 646 AEthiopum
1136 564 1226 637 erat,

168 665 363 740 revertenti
390 663 433 735 dc
461 663 655 737 Jerusalem
679 665 857 753 occurrit,
889 679 925 737 et
950 690 1055 764 super
1081 692 1227 738 currum

168 807 251 855 cum
273 781 336 855 illo
358 778 538 867 ascendit,
556 795 662 878 atquc
679 780 822 868 lsaiam,
841 805 949 880 quem
968 779 1124 880 legebat,
1143 808 1228 880 pro·

168 896 315 997 phetam
331 896 506 996 explicare
526 896 639 994 coepit
650 948 662 983 ,
692 910 728 967 et
753 922 773 967 a
798 897 969 969 vaticinio
986 895 1030 969 de
1050 898 1228 972 occisione

169 1012 251 1113 agni
264 1012 437 1084 mansueti
454 1012 644 1109 incipiens,
663 1012 782 1082 Jcsum
799 1011 850 1081 illi
865 1011 1126 1110 evangelizavit.
1150 1015 1227 1111 lpse

169 1155 256 1205 vero
286 1127 440 1229 gaudens
466 1126 623 1213 audivit,
647 1125 836 1227 diligenter
857 1128 1051 1217 intellexit,
1071 1128 1225 1202 libenter

170 1246 343 1335 credidit,
361 1261 397 1318 et
411 1246 556 1318 inventa
569 1269 658 1342 aqua
672 1241 870 1342 baptisatus
887 1262 940 1316 est
945 1273 957 1333 ς
973 1260 1010 1317 et
1026 1245 1061 1316 in
1077 1247 1229 1343 patriam

170 1387 270 1434 suam
289 1387 371 1432 cum
387 1358 537 1460 gaudio,
565 1384 633 1458 pro
652 1384 760 1431 sacrae
778 1361 1057 1459 regenerationis
1080 1361 1228 1434 innova·

171 1476 284 1565 tione,
297 1501 474 1576 regressus
486 1491 551 1548 est.
570 1474 723 1573 Spiritus
736 1491 855 1548 autem
865 1475 1011 1549 Domini
1023 1474 1229 1574 Philippum

170 1594 308 1693 rapuit,
340 1608 377 1667 et
397 1592 442 1665 de
466 1592 581 1664 Azoto
604 1617 715 1690 usque
743 1592 779 1663 in
804 1592 999 1665 Caesaream
1027 1590 1229 1664 civitatibus

171 1710 311 1781 cunctis
331 1706 610 1807 evangelizarit(
635 1710 659 1803 ).

218 1824 346 1896 Saulus
365 1821 479 1895 adhuc
502 1822 639 1921 spirans
659 1823 841 1894 minarum
856 1838 892 1895 et
908 1823 1013 1897 caedis
1028 1823 1065 1896 in
1079 1823 1229 1921 discipu-

171 1940 224 2014 los
240 1941 407 2027 Domini,
434 1941 538 2038 petiit
553 1967 570 2011 a
588 1940 751 2040 principe
770 1939 993 2011 sacerdotum
1014 1939 1178 2038 epistolas
1192 1940 1230 2010 in

170 2042 381 2131 Damascum
398 2056 442 2129 ad
457 2082 669 2156 synagogas,
690 2072 732 2127 ut
745 2056 926 2129 ecclesiam
944 2056 1089 2129 Domini
1107 2055 1229 2127 devas-

172 2189 285 2263 taret,
301 2190 337 2249 et
350 2176 445 2247 viros
461 2200 502 2244 ac
521 2174 688 2246 mulieres
703 2173 747 2245 de
763 2173 1027 2245 Nazarenorum
1042 2188 1133 2246 secta
1151 2174 1231 2245 vin·

172 2291 283 2377 ciret,
303 2305 339 2364 ct
354 2289 548 2363 Jerusalem
564 2287 785 2387 perduceret.
810 2288 903 2361 Cum
926 2290 1231 2387 appropinquaret

172 2406 366 2495 Damasco,
385 2406 623 2479 circumfulsit
644 2433 727 2480 eum
744 2406 806 2478 lux
829 2404 873 2479 de
895 2405 1004 2479 coelo.
1031 2407 1080 2478 Et
1104 2403 1229 2477 cadens

173 2524 211 2596 in
228 2541 382 2613 terram,
405 2523 540 2597 audivit
558 2524 755 2597 Dominum
778 2523 1022 2622 increpantem
1033 2549 1085 2612 se,
1100 2539 1137 2596 et
1151 2548 1230 2595 cor-

172 2655 291 2714 rectus
305 2656 377 2728 cst,
393 2654 429 2713 et
444 2638 534 2730 sihi,
547 2639 740 2739 multisque
752 2639 848 2728 aliis,
867 2638 1005 2711 utiliter
1022 2639 1229 2710 immutatus

173 2756 281 2831 eatA
298 2759 418 2844 sociis,
434 2758 497 2857 qui
513 2755 789 2844 comitabantur,
801 2756 864 2856 qui
880 2757 1075 2828 Dominum
1085 2756 1230 2855 quidem

174 2874 332 2947 camillo
345 2874 556 2972 loquentem
566 2872 769 2962 audierunt,
779 2873 839 2946 sed
848 2874 1030 2946 neminem
1040 2872 1228 2959 viderunt,

174 3016 238 3090 per
251 3017 397 3064 manum
417 3005 550 3062 tractus
568 2990 607 3061 in
623 2990 851 3078 Damascum,
872 2987 987 3061 tribus
1009 2988 1133 3062 diebus
1154 3014 1230 3061 non

173 3107 263 3179 vidit
271 3160 283 3193 ,
298 3132 363 3179 nec
374 3104 599 3178 manducavit
607 3159 619 3194 ,
632 3131 750 3205 neque
757 3104 865 3177 bibit.
878 3102 1031 3177 Ananias
1043 3132 1061 3176 a
1074 3105 1231 3177 Domino

174 3223 424 3297 missus-saulo
440 3249 565 3294 manus
583 3223 775 3320 imposuit,
798 3221 1035 3311 confortarit,
1055 3221 1233 3293 illumina·

177 3341 230 3413 tit
245 3366 286 3412 ac
301 3338 504 3439 baptizavit.
523 3341 582 3412 Sic
600 3338 755 3411 mirabili
773 3339 882 3412 modo
898 3337 942 3411 de
960 3339 1046 3437 lupo
1062 3353 1098 3409 et
1113 3362 1230 3435 perse·

178 3470 301 3529 cutore
317 3481 412 3527 saevo
429 3454 472 3527 fit
490 3480 601 3553 agnus
618 3469 654 3526 et
676 3454 765 3527 aries
788 3452 1022 3540 fortissimus,
1051 3479 1110 3524 vas
1135 3452 1231 3524 elec-

179 3570 285 3644 tionis
303 3585 338 3644 et
351 3569 480 3642 doctor
496 3570 672 3669 gentium.
688 3569 871 3642 Continuo
890 3569 1064 3667 ingressus
1078 3569 1115 3640 in
1130 3594 1231 3667 syna·

180 3712 298 3787 gogus,
312 3685 529 3785 praedicabat
544 3688 685 3774 lesum,
701 3686 873 3785 quoniam
891 3685 949 3759 hic
968 3702 1020 3759 est
1036 3685 1129 3758 filius
1148 3685 1229 3773 Dei,

211 4001 251 4071 (ι)
269 4000 335 4054 Act.
352 4009 442 4072 apost.
457 4017 517 4066 vni,
540 3999 634 4066 aeto.
653 4001 698 4054 Au
716 3998 772 4053 lieu
789 3999 824 4053 de
846 3998 980 4065 Candaei,
1000 3998 1063 4054 lisez
1087 3997 1233 4052 Canducis.

184 4084 265 4142 llatae
276 4097 376 4141 auteur
387 4106 402 4140 a
413 4087 513 4171 prisce
526 4104 591 4140 nom
603 4104 674 4158 pour
686 4086 757 4141 celui
773 4085 808 4142 de
820 4084 985 4159 l‘eunuque,
999 4085 1157 4158 tandiuque
1169 4085 1233 4139 c‘est

185 4174 250 4231 oelui
263 4174 336 4230 dela
348 4176 425 4230 aeine
437 4175 603 4246 d’Ethiopie.
