<?xml version="1.0" encoding="UTF-8"?>
<!DOCTYPE html PUBLIC "-//W3C//DTD XHTML 1.0 Transitional//EN"
    "http://www.w3.org/TR/xhtml1/DTD/xhtml1-transitional.dtd">
<html xmlns="http://www.w3.org/1999/xhtml" xml:lang="en" lang="en">
 <head>
  <title>
</title>
<meta http-equiv="Content-Type" content="text/html;charset=utf-8" />
  <meta name='ocr-system' content='tesseract 3.04.00' />
  <meta name='ocr-capabilities' content='ocr_page ocr_carea ocr_par ocr_line ocrx_word'/>
</head>
<body>
  <div class='ocr_page' id='page_1' title='image "./ordericivitalis02deligoog/ordericivitalis02deligoog_0370.png"; bbox 0 0 2894 4958; ppageno 0'>
   <div class='ocr_carea' id='block_1_1' title="bbox 546 502 1256 569">
    <p class='ocr_par' dir='ltr' id='par_1_1' title="bbox 546 502 1256 569">
     <span class='ocr_line' id='line_1_1' title="bbox 546 502 1256 569; baseline 0.008 -6"><span class='ocrx_word' id='word_1_1' title='bbox 546 503 663 564; x_wconf 82' lang='lat' dir='ltr'>LIBER</span> <span class='ocrx_word' id='word_1_2' title='bbox 681 502 889 565; x_wconf 83' lang='lat' dir='ltr'>SECUNDUS.</span> <span class='ocrx_word' id='word_1_3' title='bbox 1197 510 1256 569; x_wconf 72' lang='lat'><strong>357</strong></span> 
     </span>
    </p>
   </div>
   <div class='ocr_carea' id='block_1_2' title="bbox 183 623 1275 4468">
    <p class='ocr_par' dir='ltr' id='par_1_2' title="bbox 183 623 1265 2008">
     <span class='ocr_line' id='line_1_2' title="bbox 183 623 1258 725; baseline -0.001 -25"><span class='ocrx_word' id='word_1_4' title='bbox 183 628 373 703; x_wconf 86' lang='lat' dir='ltr'><strong>dominico</strong></span> <span class='ocrx_word' id='word_1_5' title='bbox 388 623 548 709; x_wconf 85' lang='lat' dir='ltr'><strong>Paschae,</strong></span> <span class='ocrx_word' id='word_1_6' title='bbox 573 624 608 696; x_wconf 93' lang='lat' dir='ltr'><strong>id</strong></span> <span class='ocrx_word' id='word_1_7' title='bbox 627 640 680 696; x_wconf 86' lang='lat' dir='ltr'><strong>est</strong></span> <span class='ocrx_word' id='word_1_8' title='bbox 698 629 779 696; x_wconf 82' lang='lat' dir='ltr'><strong>v111⁰¹</strong></span> <span class='ocrx_word' id='word_1_9' title='bbox 797 625 868 696; x_wconf 78' lang='lat' dir='ltr'><strong>kal.</strong></span> <span class='ocrx_word' id='word_1_10' title='bbox 886 624 967 695; x_wconf 88' lang='lat' dir='ltr'><strong>maii</strong></span> <span class='ocrx_word' id='word_1_11' title='bbox 977 677 989 714; x_wconf 93' lang='lat'><strong>,</strong></span> <span class='ocrx_word' id='word_1_12' title='bbox 1004 649 1077 724; x_wconf 92' lang='lat' dir='ltr'><strong>quo</strong></span> <span class='ocrx_word' id='word_1_13' title='bbox 1095 640 1258 725; x_wconf 92' lang='lat' dir='ltr'><strong>tempore</strong></span> 
     </span>
     <span class='ocr_line' id='line_1_3' title="bbox 186 738 1260 842; baseline -0.002 -24"><span class='ocrx_word' id='word_1_14' title='bbox 186 746 371 842; x_wconf 76' lang='lat' dir='ltr'>serapiaca</span> <span class='ocrx_word' id='word_1_15' title='bbox 383 738 568 815; x_wconf 82' lang='lat' dir='ltr'><strong>celebritas</strong></span> <span class='ocrx_word' id='word_1_16' title='bbox 581 738 764 839; x_wconf 79' lang='lat' dir='ltr'>agebatur,</span> <span class='ocrx_word' id='word_1_17' title='bbox 780 739 1003 812; x_wconf 64' lang='lat' dir='ltr'><strong>insidiatores</strong></span> <span class='ocrx_word' id='word_1_18' title='bbox 1017 738 1162 813; x_wconf 85' lang='lat' dir='ltr'><strong>adunati</strong></span> <span class='ocrx_word' id='word_1_19' title='bbox 1174 768 1260 841; x_wconf 92' lang='lat' dir='ltr'><strong>pro·</strong></span> 
     </span>
     <span class='ocr_line' id='line_1_4' title="bbox 186 846 1260 959; baseline -0.001 -28"><span class='ocrx_word' id='word_1_20' title='bbox 186 865 287 934; x_wconf 89' lang='lat' dir='ltr'><strong>tinus</strong></span> <span class='ocrx_word' id='word_1_21' title='bbox 304 859 525 959; x_wconf 82' lang='lat' dir='ltr'><strong>diriguntur,</strong></span> <span class='ocrx_word' id='word_1_22' title='bbox 541 885 560 929; x_wconf 91' lang='lat' dir='ltr'><strong>a</strong></span> <span class='ocrx_word' id='word_1_23' title='bbox 575 855 708 957; x_wconf 86' lang='lat' dir='ltr'><strong>quibus</strong></span> <span class='ocrx_word' id='word_1_24' title='bbox 721 859 779 929; x_wconf 79' lang='lat' dir='ltr'><strong>vir</strong></span> <span class='ocrx_word' id='word_1_25' title='bbox 793 846 1148 931; x_wconf 50' lang='lat' dir='ltr'><strong>Deisacratis&#39;simam</strong></span> <span class='ocrx_word' id='word_1_26' title='bbox 1160 858 1260 930; x_wconf 88' lang='lat' dir='ltr'><strong>obla-</strong></span> 
     </span>
     <span class='ocr_line' id='line_1_5' title="bbox 187 972 1260 1075; baseline 0.002 -26"><span class='ocrx_word' id='word_1_27' title='bbox 187 980 327 1051; x_wconf 90' lang='lat' dir='ltr'><strong>tionem</strong></span> <span class='ocrx_word' id='word_1_28' title='bbox 340 976 471 1049; x_wconf 87' lang='lat' dir='ltr'><strong>divinae</strong></span> <span class='ocrx_word' id='word_1_29' title='bbox 483 975 655 1074; x_wconf 86' lang='lat' dir='ltr'><strong>majestati</strong></span> <span class='ocrx_word' id='word_1_30' title='bbox 667 972 850 1049; x_wconf 89' lang='lat' dir='ltr'><strong>celebrans</strong></span> <span class='ocrx_word' id='word_1_31' title='bbox 862 975 1057 1075; x_wconf 83' lang='lat' dir='ltr'><strong>reperitur.</strong></span> <span class='ocrx_word' id='word_1_32' title='bbox 1073 977 1260 1051; x_wconf 86' lang='lat' dir='ltr'><strong>Continuo</strong></span> 
     </span>
     <span class='ocr_line' id='line_1_6' title="bbox 188 1089 1260 1193; baseline -0.001 -28"><span class='ocrx_word' id='word_1_33' title='bbox 188 1092 334 1193; x_wconf 87' lang='lat' dir='ltr'><strong>profani</strong></span> <span class='ocrx_word' id='word_1_34' title='bbox 359 1118 501 1165; x_wconf 88' lang='lat' dir='ltr'><strong>servum</strong></span> <span class='ocrx_word' id='word_1_35' title='bbox 525 1090 589 1165; x_wconf 88' lang='lat' dir='ltr'><strong>Dei</strong></span> <span class='ocrx_word' id='word_1_36' title='bbox 615 1106 834 1191; x_wconf 84' lang='lat' dir='ltr'><strong>rapuerunt,</strong></span> <span class='ocrx_word' id='word_1_37' title='bbox 858 1089 984 1165; x_wconf 89' lang='lat' dir='ltr'><strong>funem</strong></span> <span class='ocrx_word' id='word_1_38' title='bbox 1008 1092 1047 1164; x_wconf 92' lang='lat' dir='ltr'><strong>in</strong></span> <span class='ocrx_word' id='word_1_39' title='bbox 1068 1091 1163 1165; x_wconf 84' lang='lat' dir='ltr'><strong>collo</strong></span> <span class='ocrx_word' id='word_1_40' title='bbox 1185 1099 1260 1191; x_wconf 86' lang='lat' dir='ltr'><strong>ejus</strong></span> 
     </span>
     <span class='ocr_line' id='line_1_7' title="bbox 187 1208 1260 1309; baseline 0.001 -28"><span class='ocrx_word' id='word_1_41' title='bbox 187 1211 390 1298; x_wconf 87' lang='lat' dir='ltr'><strong>miserunt,</strong></span> <span class='ocrx_word' id='word_1_42' title='bbox 418 1209 606 1309; x_wconf 85' lang='lat' dir='ltr'><strong>ipsumque</strong></span> <span class='ocrx_word' id='word_1_43' title='bbox 629 1234 695 1307; x_wconf 89' lang='lat' dir='ltr'><strong>per</strong></span> <span class='ocrx_word' id='word_1_44' title='bbox 715 1235 796 1280; x_wconf 82' lang='lat' dir='ltr'><strong>saxa</strong></span> <span class='ocrx_word' id='word_1_45' title='bbox 822 1222 895 1280; x_wconf 89' lang='lat' dir='ltr'><strong>tam</strong></span> <span class='ocrx_word' id='word_1_46' title='bbox 920 1208 1113 1282; x_wconf 89' lang='lat' dir='ltr'><strong>crudeliter</strong></span> <span class='ocrx_word' id='word_1_47' title='bbox 1139 1223 1260 1282; x_wconf 78' lang='lat' dir='ltr'><strong>traxe-</strong></span> 
     </span>
     <span class='ocr_line' id='line_1_8' title="bbox 189 1323 1263 1423; baseline 0.001 -27"><span class='ocrx_word' id='word_1_48' title='bbox 189 1340 299 1417; x_wconf 89' lang='lat' dir='ltr'><strong>runt,</strong></span> <span class='ocrx_word' id='word_1_49' title='bbox 315 1325 408 1399; x_wconf 92' lang='lat' dir='ltr'><strong>utin</strong></span> <span class='ocrx_word' id='word_1_50' title='bbox 424 1340 555 1398; x_wconf 84' lang='lat' dir='ltr'><strong>terram</strong></span> <span class='ocrx_word' id='word_1_51' title='bbox 572 1323 774 1398; x_wconf 84' lang='lat' dir='ltr'><strong>defluerent</strong></span> <span class='ocrx_word' id='word_1_52' title='bbox 791 1351 914 1399; x_wconf 85' lang='lat' dir='ltr'><strong>carnes</strong></span> <span class='ocrx_word' id='word_1_53' title='bbox 927 1328 1022 1423; x_wconf 90' lang='lat' dir='ltr'><strong>ejus,</strong></span> <span class='ocrx_word' id='word_1_54' title='bbox 1039 1340 1075 1398; x_wconf 89' lang='lat' dir='ltr'><strong>et</strong></span> <span class='ocrx_word' id='word_1_55' title='bbox 1087 1352 1167 1397; x_wconf 85' lang='lat' dir='ltr'><strong>saxa</strong></span> <span class='ocrx_word' id='word_1_56' title='bbox 1182 1325 1263 1397; x_wconf 89' lang='lat' dir='ltr'><strong>infi-</strong></span> 
     </span>
     <span class='ocr_line' id='line_1_9' title="bbox 190 1440 1260 1542; baseline -0.002 -27"><span class='ocrx_word' id='word_1_57' title='bbox 190 1457 362 1515; x_wconf 85' lang='lat' dir='ltr'><strong>cerentur</strong></span> <span class='ocrx_word' id='word_1_58' title='bbox 377 1466 507 1515; x_wconf 87' lang='lat' dir='ltr'><strong>cruore</strong></span> <span class='ocrx_word' id='word_1_59' title='bbox 527 1445 614 1540; x_wconf 88' lang='lat' dir='ltr'><strong>ejus.</strong></span> <span class='ocrx_word' id='word_1_60' title='bbox 635 1441 708 1514; x_wconf 89' lang='lat' dir='ltr'><strong>lllis</strong></span> <span class='ocrx_word' id='word_1_61' title='bbox 730 1442 850 1542; x_wconf 81' lang='lat' dir='ltr'><strong>itaque</strong></span> <span class='ocrx_word' id='word_1_62' title='bbox 870 1440 1131 1516; x_wconf 84' lang='lat' dir='ltr'><strong>insanientibus</strong></span> <span class='ocrx_word' id='word_1_63' title='bbox 1148 1458 1185 1516; x_wconf 91' lang='lat' dir='ltr'><strong>et</strong></span> <span class='ocrx_word' id='word_1_64' title='bbox 1203 1442 1260 1514; x_wconf 93' lang='lat' dir='ltr'><strong>di-</strong></span> 
     </span>
     <span class='ocr_line' id='line_1_10' title="bbox 190 1554 1265 1644; baseline -0.001 -15"><span class='ocrx_word' id='word_1_65' title='bbox 190 1554 356 1629; x_wconf 80' lang='lat' dir='ltr'><strong>centibus</strong></span> <span class='ocrx_word' id='word_1_66' title='bbox 369 1585 378 1626; x_wconf 89' lang='lat'><strong>:</strong></span> <span class='ocrx_word' id='word_1_67' title='bbox 392 1555 600 1628; x_wconf 84' lang='lat' dir='ltr'><strong>Trahumus</strong></span> <span class='ocrx_word' id='word_1_68' title='bbox 613 1555 787 1627; x_wconf 84' lang='lat' dir='ltr'><strong>bubalum</strong></span> <span class='ocrx_word' id='word_1_69' title='bbox 799 1557 854 1627; x_wconf 86' lang='lat' dir='ltr'><strong>ad</strong></span> <span class='ocrx_word' id='word_1_70' title='bbox 867 1557 952 1629; x_wconf 84' lang='lat' dir='ltr'><strong>loca</strong></span> <span class='ocrx_word' id='word_1_71' title='bbox 963 1558 1150 1644; x_wconf 79' lang='lat' dir='ltr'><strong>Bucolire;</strong></span> <span class='ocrx_word' id='word_1_72' title='bbox 1163 1583 1265 1630; x_wconf 89' lang='lat' dir='ltr'><strong>sanc-</strong></span> 
     </span>
     <span class='ocr_line' id='line_1_11' title="bbox 192 1670 1263 1772; baseline 0.001 -28"><span class='ocrx_word' id='word_1_73' title='bbox 192 1691 249 1746; x_wconf 92' lang='lat' dir='ltr'><strong>tus</strong></span> <span class='ocrx_word' id='word_1_74' title='bbox 263 1679 404 1745; x_wconf 84' lang='lat' dir='ltr'><strong>Marcus</strong></span> <span class='ocrx_word' id='word_1_75' title='bbox 419 1674 495 1746; x_wconf 89' lang='lat' dir='ltr'><strong>Deo</strong></span> <span class='ocrx_word' id='word_1_76' title='bbox 509 1673 638 1772; x_wconf 80' lang='lat' dir='ltr'><strong>gratias</strong></span> <span class='ocrx_word' id='word_1_77' title='bbox 652 1670 848 1759; x_wconf 87' lang='lat' dir='ltr'><strong>referebat,</strong></span> <span class='ocrx_word' id='word_1_78' title='bbox 865 1671 986 1745; x_wconf 91' lang='lat' dir='ltr'><strong>dicens</strong></span> <span class='ocrx_word' id='word_1_79' title='bbox 1001 1700 1009 1739; x_wconf 78' lang='grc' dir='ltr'><strong><em>ε</em></strong></span> <span class='ocrx_word' id='word_1_80' title='bbox 1030 1673 1181 1745; x_wconf 74' lang='lat' dir='ltr'><strong>Gratim</strong></span> <span class='ocrx_word' id='word_1_81' title='bbox 1195 1673 1263 1745; x_wconf 87' lang='lat' dir='ltr'><strong>tibi</strong></span> 
     </span>
     <span class='ocr_line' id='line_1_12' title="bbox 192 1788 1264 1888; baseline 0 -26"><span class='ocrx_word' id='word_1_82' title='bbox 192 1816 285 1886; x_wconf 81' lang='lat' dir='ltr'><strong>agn,</strong></span> <span class='ocrx_word' id='word_1_83' title='bbox 300 1790 459 1862; x_wconf 82' lang='lat' dir='ltr'><strong>Domine</strong></span> <span class='ocrx_word' id='word_1_84' title='bbox 474 1813 574 1860; x_wconf 88' lang='lat' dir='ltr'><strong>meus</strong></span> <span class='ocrx_word' id='word_1_85' title='bbox 586 1789 675 1861; x_wconf 85' lang='lat' dir='ltr'><strong>Jesu</strong></span> <span class='ocrx_word' id='word_1_86' title='bbox 692 1788 852 1878; x_wconf 78' lang='lat' dir='ltr'><strong>Christe,</strong></span> <span class='ocrx_word' id='word_1_87' title='bbox 868 1791 958 1887; x_wconf 83' lang='lat' dir='ltr'><strong>quia</strong></span> <span class='ocrx_word' id='word_1_88' title='bbox 969 1788 1105 1888; x_wconf 58' lang='lat' dir='ltr'><strong>dignus</strong></span> <span class='ocrx_word' id='word_1_89' title='bbox 1117 1789 1264 1863; x_wconf 83' lang='lat' dir='ltr'><strong>habitus</strong></span> 
     </span>
     <span class='ocr_line' id='line_1_13' title="bbox 191 1907 788 2008; baseline -0.002 -30"><span class='ocrx_word' id='word_1_90' title='bbox 191 1934 274 1979; x_wconf 85' lang='lat' dir='ltr'><strong>sum</strong></span> <span class='ocrx_word' id='word_1_91' title='bbox 288 1907 446 2006; x_wconf 81' lang='lat' dir='ltr'><strong>hoecpro</strong></span> <span class='ocrx_word' id='word_1_92' title='bbox 459 1908 605 1978; x_wconf 83' lang='lat' dir='ltr'><strong>nomine</strong></span> <span class='ocrx_word' id='word_1_93' title='bbox 618 1923 678 1978; x_wconf 84' lang='lat' dir='ltr'><strong>tuo</strong></span> <span class='ocrx_word' id='word_1_94' title='bbox 690 1907 788 2008; x_wconf 83' lang='lat' dir='ltr'><strong>pati.</strong></span> 
     </span>
    </p>

    <p class='ocr_par' dir='ltr' id='par_1_3' title="bbox 194 2022 1275 4468">
     <span class='ocr_line' id='line_1_14' title="bbox 241 2022 1261 2123; baseline 0 -26"><span class='ocrx_word' id='word_1_95' title='bbox 241 2022 565 2123; x_wconf 78' lang='lat' dir='ltr'><strong>Advesperascente</strong></span> <span class='ocrx_word' id='word_1_96' title='bbox 590 2023 666 2111; x_wconf 90' lang='lat' dir='ltr'><strong>die,</strong></span> <span class='ocrx_word' id='word_1_97' title='bbox 695 2022 873 2098; x_wconf 88' lang='lat' dir='ltr'><strong>miserunt</strong></span> <span class='ocrx_word' id='word_1_98' title='bbox 895 2049 978 2096; x_wconf 91' lang='lat' dir='ltr'><strong>eum</strong></span> <span class='ocrx_word' id='word_1_99' title='bbox 1001 2024 1041 2095; x_wconf 92' lang='lat' dir='ltr'><strong>in</strong></span> <span class='ocrx_word' id='word_1_100' title='bbox 1063 2050 1261 2116; x_wconf 83' lang='lat' dir='ltr'><strong>carcerem,</strong></span> 
     </span>
     <span class='ocr_line' id='line_1_15' title="bbox 194 2140 1262 2244; baseline 0.002 -30"><span class='ocrx_word' id='word_1_101' title='bbox 194 2170 307 2244; x_wconf 89' lang='lat' dir='ltr'><strong>usque</strong></span> <span class='ocrx_word' id='word_1_102' title='bbox 334 2158 619 2243; x_wconf 80' lang='lat' dir='ltr'><strong>pertractarent,</strong></span> <span class='ocrx_word' id='word_1_103' title='bbox 646 2169 715 2242; x_wconf 91' lang='lat' dir='ltr'><strong>qua</strong></span> <span class='ocrx_word' id='word_1_104' title='bbox 747 2168 829 2216; x_wconf 89' lang='lat' dir='ltr'><strong>eum</strong></span> <span class='ocrx_word' id='word_1_105' title='bbox 857 2158 976 2216; x_wconf 78' lang='lat' dir='ltr'><strong>morte</strong></span> <span class='ocrx_word' id='word_1_106' title='bbox 1002 2140 1262 2240; x_wconf 77' lang='lat' dir='ltr'><strong>disperderent.</strong></span> 
     </span>
     <span class='ocr_line' id='line_1_16' title="bbox 194 2258 1266 2346; baseline 0.004 -13"><span class='ocrx_word' id='word_1_107' title='bbox 194 2262 300 2333; x_wconf 85' lang='lat' dir='ltr'><strong>Circa</strong></span> <span class='ocrx_word' id='word_1_108' title='bbox 320 2258 476 2332; x_wconf 85' lang='lat' dir='ltr'><strong>mediam</strong></span> <span class='ocrx_word' id='word_1_109' title='bbox 502 2284 587 2331; x_wconf 87' lang='lat' dir='ltr'><strong>vero</strong></span> <span class='ocrx_word' id='word_1_110' title='bbox 615 2275 784 2346; x_wconf 88' lang='lat' dir='ltr'><strong>noctem,</strong></span> <span class='ocrx_word' id='word_1_111' title='bbox 811 2259 936 2330; x_wconf 85' lang='lat' dir='ltr'><strong>clausis</strong></span> <span class='ocrx_word' id='word_1_112' title='bbox 958 2260 1058 2333; x_wconf 89' lang='lat' dir='ltr'><strong>ostiis</strong></span> <span class='ocrx_word' id='word_1_113' title='bbox 1082 2276 1118 2334; x_wconf 94' lang='lat' dir='ltr'><strong>et</strong></span> <span class='ocrx_word' id='word_1_114' title='bbox 1142 2277 1266 2337; x_wconf 80' lang='lat' dir='ltr'><strong>custo-</strong></span> 
     </span>
     <span class='ocr_line' id='line_1_17' title="bbox 195 2374 1266 2464; baseline 0.002 -14"><span class='ocrx_word' id='word_1_115' title='bbox 195 2377 301 2450; x_wconf 92' lang='lat' dir='ltr'><strong>dibus</strong></span> <span class='ocrx_word' id='word_1_116' title='bbox 313 2394 396 2451; x_wconf 90' lang='lat' dir='ltr'><strong>ante</strong></span> <span class='ocrx_word' id='word_1_117' title='bbox 407 2379 504 2453; x_wconf 89' lang='lat' dir='ltr'><strong>foras</strong></span> <span class='ocrx_word' id='word_1_118' title='bbox 513 2374 792 2464; x_wconf 88' lang='lat' dir='ltr'><strong>dormientibus,</strong></span> <span class='ocrx_word' id='word_1_119' title='bbox 808 2403 891 2452; x_wconf 86' lang='lat' dir='ltr'><strong>ecce</strong></span> <span class='ocrx_word' id='word_1_120' title='bbox 904 2394 1010 2450; x_wconf 87' lang='lat' dir='ltr'><strong>terrae</strong></span> <span class='ocrx_word' id='word_1_121' title='bbox 1020 2393 1141 2451; x_wconf 90' lang='lat' dir='ltr'><strong>motus</strong></span> <span class='ocrx_word' id='word_1_122' title='bbox 1151 2378 1266 2452; x_wconf 89' lang='lat' dir='ltr'><strong>factus</strong></span> 
     </span>
     <span class='ocr_line' id='line_1_18' title="bbox 196 2494 1263 2597; baseline -0.002 -27"><span class='ocrx_word' id='word_1_123' title='bbox 196 2513 248 2570; x_wconf 85' lang='lat' dir='ltr'><strong>cst</strong></span> <span class='ocrx_word' id='word_1_124' title='bbox 261 2523 424 2596; x_wconf 83' lang='lat' dir='ltr'><strong>magnus.</strong></span> <span class='ocrx_word' id='word_1_125' title='bbox 438 2494 596 2597; x_wconf 83' lang='lat' dir='ltr'><strong>Angelus</strong></span> <span class='ocrx_word' id='word_1_126' title='bbox 608 2511 728 2569; x_wconf 88' lang='lat' dir='ltr'><strong>autem</strong></span> <span class='ocrx_word' id='word_1_127' title='bbox 742 2495 890 2568; x_wconf 91' lang='lat' dir='ltr'><strong>Domini</strong></span> <span class='ocrx_word' id='word_1_128' title='bbox 905 2495 949 2568; x_wconf 94' lang='lat' dir='ltr'><strong>de</strong></span> <span class='ocrx_word' id='word_1_129' title='bbox 961 2496 1055 2569; x_wconf 84' lang='lat' dir='ltr'><strong>coelo</strong></span> <span class='ocrx_word' id='word_1_130' title='bbox 1067 2495 1263 2587; x_wconf 88' lang='lat' dir='ltr'><strong>descendit,</strong></span> 
     </span>
     <span class='ocr_line' id='line_1_19' title="bbox 196 2611 1266 2717; baseline 0.001 -31"><span class='ocrx_word' id='word_1_131' title='bbox 196 2629 232 2687; x_wconf 86' lang='lat' dir='ltr'><strong>et</strong></span> <span class='ocrx_word' id='word_1_132' title='bbox 250 2628 399 2713; x_wconf 82' lang='lat' dir='ltr'><strong>tangens</strong></span> <span class='ocrx_word' id='word_1_133' title='bbox 415 2639 498 2686; x_wconf 91' lang='lat' dir='ltr'><strong>eum</strong></span> <span class='ocrx_word' id='word_1_134' title='bbox 517 2611 610 2685; x_wconf 85' lang='lat' dir='ltr'><strong>dixit</strong></span> <span class='ocrx_word' id='word_1_135' title='bbox 627 2640 635 2681; x_wconf 76' lang='grc' dir='ltr'><strong><em>ε</em></strong></span> <span class='ocrx_word' id='word_1_136' title='bbox 651 2613 811 2685; x_wconf 85' lang='lat' dir='ltr'><strong>Famule</strong></span> <span class='ocrx_word' id='word_1_137' title='bbox 830 2614 904 2685; x_wconf 87' lang='lat' dir='ltr'><strong>Dei</strong></span> <span class='ocrx_word' id='word_1_138' title='bbox 920 2614 1070 2704; x_wconf 81' lang='lat' dir='ltr'><strong>Marce,</strong></span> <span class='ocrx_word' id='word_1_139' title='bbox 1090 2616 1266 2717; x_wconf 86' lang='lat' dir='ltr'><strong>princeps</strong></span> 
     </span>
     <span class='ocr_line' id='line_1_20' title="bbox 198 2728 1268 2829; baseline 0.002 -29"><span class='ocrx_word' id='word_1_140' title='bbox 198 2756 245 2800; x_wconf 84' lang='lat' dir='ltr'><strong>ac</strong></span> <span class='ocrx_word' id='word_1_141' title='bbox 259 2744 491 2829; x_wconf 80' lang='lat' dir='ltr'><strong>propagator</strong></span> <span class='ocrx_word' id='word_1_142' title='bbox 504 2730 817 2801; x_wconf 84' lang='lat' dir='ltr'><strong>sanctissimorum</strong></span> <span class='ocrx_word' id='word_1_143' title='bbox 832 2754 903 2829; x_wconf 87' lang='lat' dir='ltr'><strong>per</strong></span> <span class='ocrx_word' id='word_1_144' title='bbox 917 2728 1122 2828; x_wconf 77' lang='lat' dir='ltr'><strong>AEgyptum</strong></span> <span class='ocrx_word' id='word_1_145' title='bbox 1142 2729 1268 2802; x_wconf 89' lang='lat' dir='ltr'><strong>decre-</strong></span> 
     </span>
     <span class='ocr_line' id='line_1_21' title="bbox 198 2845 1269 2950; baseline 0.002 -32"><span class='ocrx_word' id='word_1_146' title='bbox 198 2862 334 2934; x_wconf 84' lang='lat' dir='ltr'><strong>torum,</strong></span> <span class='ocrx_word' id='word_1_147' title='bbox 351 2871 434 2917; x_wconf 89' lang='lat' dir='ltr'><strong>ecce</strong></span> <span class='ocrx_word' id='word_1_148' title='bbox 445 2871 576 2918; x_wconf 80' lang='lat' dir='ltr'><strong>nomen</strong></span> <span class='ocrx_word' id='word_1_149' title='bbox 589 2863 687 2919; x_wconf 84' lang='lat' dir='ltr'><strong>tuum</strong></span> <span class='ocrx_word' id='word_1_150' title='bbox 702 2848 740 2918; x_wconf 90' lang='lat' dir='ltr'><strong>in</strong></span> <span class='ocrx_word' id='word_1_151' title='bbox 753 2845 846 2919; x_wconf 84' lang='lat' dir='ltr'><strong>libro</strong></span> <span class='ocrx_word' id='word_1_152' title='bbox 859 2848 946 2919; x_wconf 78' lang='lat' dir='ltr'><strong>citor</strong></span> <span class='ocrx_word' id='word_1_153' title='bbox 960 2846 1114 2920; x_wconf 84' lang='lat' dir='ltr'><strong>coelestt‘s</strong></span> <span class='ocrx_word' id='word_1_154' title='bbox 1128 2850 1269 2950; x_wconf 75' lang='lat' dir='ltr'><strong>ascrip-</strong></span> 
     </span>
     <span class='ocr_line' id='line_1_22' title="bbox 198 2961 1267 3060; baseline 0.005 -30"><span class='ocrx_word' id='word_1_155' title='bbox 198 2977 274 3032; x_wconf 83' lang='lat' dir='ltr'><strong>tum</strong></span> <span class='ocrx_word' id='word_1_156' title='bbox 288 2978 358 3050; x_wconf 86' lang='lat' dir='ltr'><strong>est,</strong></span> <span class='ocrx_word' id='word_1_157' title='bbox 375 2977 410 3032; x_wconf 88' lang='lat' dir='ltr'><strong>et</strong></span> <span class='ocrx_word' id='word_1_158' title='bbox 425 2962 634 3034; x_wconf 78' lang='lat' dir='ltr'><strong>memoriale</strong></span> <span class='ocrx_word' id='word_1_159' title='bbox 652 2979 750 3033; x_wconf 84' lang='lat' dir='ltr'><strong>tuum</strong></span> <span class='ocrx_word' id='word_1_160' title='bbox 767 2987 840 3035; x_wconf 90' lang='lat' dir='ltr'><strong>non</strong></span> <span class='ocrx_word' id='word_1_161' title='bbox 858 2961 1127 3060; x_wconf 84' lang='lat' dir='ltr'><strong>derelinquetur</strong></span> <span class='ocrx_word' id='word_1_162' title='bbox 1138 2965 1177 3035; x_wconf 88' lang='lat' dir='ltr'><strong>in</strong></span> <span class='ocrx_word' id='word_1_163' title='bbox 1191 2991 1267 3037; x_wconf 81' lang='lat' dir='ltr'><strong>sce-</strong></span> 
     </span>
     <span class='ocr_line' id='line_1_23' title="bbox 199 3075 1266 3179; baseline 0.004 -29"><span class='ocrx_word' id='word_1_164' title='bbox 199 3078 337 3150; x_wconf 82' lang='lat' dir='ltr'><strong>cuhtm.</strong></span> <span class='ocrx_word' id='word_1_165' title='bbox 359 3077 492 3151; x_wconf 87' lang='lat' dir='ltr'><strong>Socius</strong></span> <span class='ocrx_word' id='word_1_166' title='bbox 511 3075 745 3178; x_wconf 82' lang='lat' dir='ltr'><strong>enimfactus</strong></span> <span class='ocrx_word' id='word_1_167' title='bbox 761 3101 799 3149; x_wconf 77' lang='lat' dir='ltr'><strong>‘es</strong></span> <span class='ocrx_word' id='word_1_168' title='bbox 817 3104 1058 3179; x_wconf 86' lang='lat' dir='ltr'><strong>supernarum</strong></span> <span class='ocrx_word' id='word_1_169' title='bbox 1079 3081 1266 3154; x_wconf 83' lang='lat' dir='ltr'><strong>virtutum.</strong></span> 
     </span>
     <span class='ocr_line' id='line_1_24' title="bbox 198 3193 1269 3297; baseline 0.001 -30"><span class='ocrx_word' id='word_1_170' title='bbox 198 3193 300 3267; x_wconf 87' lang='lat' dir='ltr'><strong>Nam</strong></span> <span class='ocrx_word' id='word_1_171' title='bbox 317 3195 406 3265; x_wconf 87' lang='lat' dir='ltr'><strong>etin</strong></span> <span class='ocrx_word' id='word_1_172' title='bbox 428 3194 529 3268; x_wconf 78' lang='lat' dir='ltr'><strong>coelis</strong></span> <span class='ocrx_word' id='word_1_173' title='bbox 544 3196 711 3297; x_wconf 85' lang='lat' dir='ltr'><strong>spiritum</strong></span> <span class='ocrx_word' id='word_1_174' title='bbox 729 3210 831 3266; x_wconf 84' lang='lat' dir='ltr'><strong>tuum</strong></span> <span class='ocrx_word' id='word_1_175' title='bbox 847 3193 1037 3294; x_wconf 79' lang='lat' dir='ltr'><strong>colligent,</strong></span> <span class='ocrx_word' id='word_1_176' title='bbox 1057 3211 1092 3267; x_wconf 90' lang='lat' dir='ltr'><strong>et</strong></span> <span class='ocrx_word' id='word_1_177' title='bbox 1109 3197 1149 3267; x_wconf 85' lang='lat' dir='ltr'><strong>in</strong></span> <span class='ocrx_word' id='word_1_178' title='bbox 1165 3212 1198 3267; x_wconf 86' lang='lat' dir='ltr'><strong>te</strong></span> <span class='ocrx_word' id='word_1_179' title='bbox 1212 3223 1269 3268; x_wconf 86' lang='lat' dir='ltr'><strong>re-</strong></span> 
     </span>
     <span class='ocr_line' id='line_1_25' title="bbox 198 3305 1268 3412; baseline 0.004 -31"><span class='ocrx_word' id='word_1_180' title='bbox 198 3311 302 3408; x_wconf 83' lang='lat' dir='ltr'><strong>quies</strong></span> <span class='ocrx_word' id='word_1_181' title='bbox 320 3337 394 3382; x_wconf 85' lang='lat' dir='ltr'><strong>non</strong></span> <span class='ocrx_word' id='word_1_182' title='bbox 406 3310 553 3412; x_wconf 83' lang='lat' dir='ltr'><strong>peribit.</strong></span> <span class='ocrx_word' id='word_1_183' title='bbox 576 3305 662 3381; x_wconf 78' lang='lat' dir='ltr'><strong>Haec</strong></span> <span class='ocrx_word' id='word_1_184' title='bbox 682 3310 828 3385; x_wconf 89' lang='lat' dir='ltr'><strong>audiens</strong></span> <span class='ocrx_word' id='word_1_185' title='bbox 851 3308 976 3383; x_wconf 84' lang='lat' dir='ltr'><strong>beatus</strong></span> <span class='ocrx_word' id='word_1_186' title='bbox 999 3311 1162 3401; x_wconf 89' lang='lat' dir='ltr'><strong>Marcus,</strong></span> <span class='ocrx_word' id='word_1_187' title='bbox 1191 3340 1268 3385; x_wconf 88' lang='lat' dir='ltr'><strong>suas</strong></span> 
     </span>
     <span class='ocr_line' id='line_1_26' title="bbox 199 3424 1267 3527; baseline 0.001 -29"><span class='ocrx_word' id='word_1_188' title='bbox 199 3428 243 3498; x_wconf 90' lang='lat' dir='ltr'><strong>ad</strong></span> <span class='ocrx_word' id='word_1_189' title='bbox 259 3427 398 3501; x_wconf 88' lang='lat' dir='ltr'><strong>coelum</strong></span> <span class='ocrx_word' id='word_1_190' title='bbox 416 3427 610 3503; x_wconf 88' lang='lat' dir='ltr'><strong>extendens</strong></span> <span class='ocrx_word' id='word_1_191' title='bbox 626 3453 756 3500; x_wconf 88' lang='lat' dir='ltr'><strong>manus</strong></span> <span class='ocrx_word' id='word_1_192' title='bbox 778 3424 895 3498; x_wconf 85' lang='lat' dir='ltr'><strong>dixit:</strong></span> <span class='ocrx_word' id='word_1_193' title='bbox 915 3429 1069 3498; x_wconf 84' lang='lat' dir='ltr'><strong>Gratias</strong></span> <span class='ocrx_word' id='word_1_194' title='bbox 1092 3425 1159 3498; x_wconf 85' lang='lat' dir='ltr'><strong>tibi</strong></span> <span class='ocrx_word' id='word_1_195' title='bbox 1174 3454 1267 3527; x_wconf 82' lang='lat' dir='ltr'><strong>ago,</strong></span> 
     </span>
     <span class='ocr_line' id='line_1_27' title="bbox 200 3542 1273 3643; baseline 0.005 -29"><span class='ocrx_word' id='word_1_196' title='bbox 200 3545 359 3617; x_wconf 87' lang='lat' dir='ltr'><strong>Domine</strong></span> <span class='ocrx_word' id='word_1_197' title='bbox 374 3546 461 3620; x_wconf 86' lang='lat' dir='ltr'><strong>Jesu</strong></span> <span class='ocrx_word' id='word_1_198' title='bbox 486 3545 644 3630; x_wconf 77' lang='lat' dir='ltr'><strong>Christe,</strong></span> <span class='ocrx_word' id='word_1_199' title='bbox 663 3549 752 3643; x_wconf 83' lang='lat' dir='ltr'><strong>quia</strong></span> <span class='ocrx_word' id='word_1_200' title='bbox 766 3570 841 3617; x_wconf 86' lang='lat' dir='ltr'><strong>non</strong></span> <span class='ocrx_word' id='word_1_201' title='bbox 860 3569 917 3615; x_wconf 85' lang='lat' dir='ltr'><strong>me</strong></span> <span class='ocrx_word' id='word_1_202' title='bbox 938 3542 1165 3643; x_wconf 83' lang='lat' dir='ltr'><strong>dereliquisti</strong></span> <span class='ocrx_word' id='word_1_203' title='bbox 1169 3579 1187 3632; x_wconf 94' lang='lat'><strong>,·</strong></span> <span class='ocrx_word' id='word_1_204' title='bbox 1205 3548 1273 3619; x_wconf 83' lang='lat' dir='ltr'><strong>sed</strong></span> 
     </span>
     <span class='ocr_line' id='line_1_28' title="bbox 202 3660 1271 3747; baseline 0.002 -12"><span class='ocrx_word' id='word_1_205' title='bbox 202 3690 285 3735; x_wconf 88' lang='lat' dir='ltr'><strong>cum</strong></span> <span class='ocrx_word' id='word_1_206' title='bbox 301 3663 438 3735; x_wconf 84' lang='lat' dir='ltr'><strong>sanctis</strong></span> <span class='ocrx_word' id='word_1_207' title='bbox 459 3664 530 3734; x_wconf 85' lang='lat' dir='ltr'><strong>tuis</strong></span> <span class='ocrx_word' id='word_1_208' title='bbox 550 3663 852 3734; x_wconf 83' lang='lat' dir='ltr'><strong>commemorasti.</strong></span> <span class='ocrx_word' id='word_1_209' title='bbox 870 3660 1028 3743; x_wconf 75' lang='lat' dir='ltr'><strong>Obsecro</strong></span> <span class='ocrx_word' id='word_1_210' title='bbox 1043 3673 1096 3747; x_wconf 87' lang='lat' dir='ltr'><strong>te,</strong></span> <span class='ocrx_word' id='word_1_211' title='bbox 1114 3662 1271 3737; x_wconf 82' lang='lat' dir='ltr'><strong>Domine</strong></span> 
     </span>
     <span class='ocr_line' id='line_1_29' title="bbox 201 3779 1271 3880; baseline 0.001 -27"><span class='ocrx_word' id='word_1_212' title='bbox 201 3781 291 3853; x_wconf 85' lang='lat' dir='ltr'><strong>Jesu</strong></span> <span class='ocrx_word' id='word_1_213' title='bbox 300 3780 455 3870; x_wconf 85' lang='lat' dir='ltr'><strong>Christe,</strong></span> <span class='ocrx_word' id='word_1_214' title='bbox 465 3781 609 3880; x_wconf 89' lang='lat' dir='ltr'><strong>suscipe</strong></span> <span class='ocrx_word' id='word_1_215' title='bbox 621 3781 785 3851; x_wconf 86' lang='lat' dir='ltr'><strong>animam</strong></span> <span class='ocrx_word' id='word_1_216' title='bbox 794 3805 913 3850; x_wconf 86' lang='lat' dir='ltr'><strong>meam</strong></span> <span class='ocrx_word' id='word_1_217' title='bbox 924 3779 963 3850; x_wconf 85' lang='lat' dir='ltr'><strong>in</strong></span> <span class='ocrx_word' id='word_1_218' title='bbox 968 3780 1078 3879; x_wconf 77' lang='lat' dir='ltr'><strong>pace,</strong></span> <span class='ocrx_word' id='word_1_219' title='bbox 1087 3795 1122 3850; x_wconf 86' lang='lat' dir='ltr'><strong>et</strong></span> <span class='ocrx_word' id='word_1_220' title='bbox 1132 3806 1204 3852; x_wconf 85' lang='lat' dir='ltr'><strong>non</strong></span> <span class='ocrx_word' id='word_1_221' title='bbox 1213 3809 1271 3854; x_wconf 89' lang='lat' dir='ltr'><strong>me</strong></span> 
     </span>
     <span class='ocr_line' id='line_1_30' title="bbox 202 3893 1272 3999; baseline 0.003 -30"><span class='ocrx_word' id='word_1_222' title='bbox 202 3899 360 3998; x_wconf 81' lang='lat' dir='ltr'><strong>patiaris</strong></span> <span class='ocrx_word' id='word_1_223' title='bbox 369 3897 507 3970; x_wconf 84' lang='lat' dir='ltr'><strong>diutius</strong></span> <span class='ocrx_word' id='word_1_224' title='bbox 517 3901 686 3999; x_wconf 85' lang='lat' dir='ltr'><strong>separari</strong></span> <span class='ocrx_word' id='word_1_225' title='bbox 694 3924 720 3969; x_wconf 86' lang='lat' dir='ltr'><em>a</em></span> <span class='ocrx_word' id='word_1_226' title='bbox 729 3912 775 3968; x_wconf 85' lang='lat' dir='ltr'><strong>te.</strong></span> <span class='ocrx_word' id='word_1_227' title='bbox 789 3897 874 3968; x_wconf 85' lang='lat' dir='ltr'><strong>Haec</strong></span> <span class='ocrx_word' id='word_1_228' title='bbox 886 3920 970 3967; x_wconf 90' lang='lat' dir='ltr'><strong>cum</strong></span> <span class='ocrx_word' id='word_1_229' title='bbox 980 3893 1138 3986; x_wconf 83' lang='lat' dir='ltr'><strong>dixisset,</strong></span> <span class='ocrx_word' id='word_1_230' title='bbox 1152 3897 1272 3972; x_wconf 88' lang='lat' dir='ltr'><strong>Domi-</strong></span> 
     </span>
     <span class='ocr_line' id='line_1_31' title="bbox 203 4011 1272 4114; baseline 0.002 -26"><span class='ocrx_word' id='word_1_231' title='bbox 203 4043 272 4088; x_wconf 86' lang='lat' dir='ltr'><strong>nus</strong></span> <span class='ocrx_word' id='word_1_232' title='bbox 285 4016 385 4088; x_wconf 91' lang='lat' dir='ltr'><strong>Jesus</strong></span> <span class='ocrx_word' id='word_1_233' title='bbox 398 4017 499 4089; x_wconf 86' lang='lat' dir='ltr'><strong>venit</strong></span> <span class='ocrx_word' id='word_1_234' title='bbox 521 4014 665 4088; x_wconf 84' lang='lat' dir='ltr'><strong>adeum</strong></span> <span class='ocrx_word' id='word_1_235' title='bbox 683 4016 720 4086; x_wconf 94' lang='lat' dir='ltr'><strong>in</strong></span> <span class='ocrx_word' id='word_1_236' title='bbox 738 4011 863 4087; x_wconf 90' lang='lat' dir='ltr'><strong>habitu</strong></span> <span class='ocrx_word' id='word_1_237' title='bbox 882 4029 919 4087; x_wconf 93' lang='lat' dir='ltr'><strong>et</strong></span> <span class='ocrx_word' id='word_1_238' title='bbox 934 4013 1052 4086; x_wconf 87' lang='lat' dir='ltr'><strong>forma</strong></span> <span class='ocrx_word' id='word_1_239' title='bbox 1070 4041 1140 4114; x_wconf 83' lang='lat' dir='ltr'><strong>qua</strong></span> <span class='ocrx_word' id='word_1_240' title='bbox 1154 4013 1272 4090; x_wconf 85' lang='lat' dir='ltr'><strong>fuerat</strong></span> 
     </span>
     <span class='ocr_line' id='line_1_32' title="bbox 205 4130 1273 4232; baseline 0.002 -28"><span class='ocrx_word' id='word_1_241' title='bbox 205 4159 289 4205; x_wconf 90' lang='lat' dir='ltr'><strong>cum</strong></span> <span class='ocrx_word' id='word_1_242' title='bbox 306 4131 489 4232; x_wconf 89' lang='lat' dir='ltr'><strong>discipulis</strong></span> <span class='ocrx_word' id='word_1_243' title='bbox 511 4132 583 4206; x_wconf 90' lang='lat' dir='ltr'><strong>suis</strong></span> <span class='ocrx_word' id='word_1_244' title='bbox 603 4149 796 4230; x_wconf 84' lang='lat' dir='ltr'><strong>antequam</strong></span> <span class='ocrx_word' id='word_1_245' title='bbox 813 4146 1010 4230; x_wconf 87' lang='lat' dir='ltr'><strong>pateretur,</strong></span> <span class='ocrx_word' id='word_1_246' title='bbox 1030 4146 1067 4204; x_wconf 87' lang='lat' dir='ltr'><strong>ct</strong></span> <span class='ocrx_word' id='word_1_247' title='bbox 1088 4130 1137 4202; x_wconf 90' lang='lat' dir='ltr'><strong>ait</strong></span> <span class='ocrx_word' id='word_1_248' title='bbox 1157 4158 1165 4198; x_wconf 90' lang='lat'><strong>:</strong></span> <span class='ocrx_word' id='word_1_249' title='bbox 1183 4134 1273 4206; x_wconf 72' lang='lat' dir='ltr'><strong>Par</strong></span> 
     </span>
     <span class='ocr_line' id='line_1_33' title="bbox 205 4247 1273 4349; baseline 0.001 -30"><span class='ocrx_word' id='word_1_250' title='bbox 205 4248 291 4336; x_wconf 84' lang='lat' dir='ltr'><strong>tibi,</strong></span> <span class='ocrx_word' id='word_1_251' title='bbox 310 4249 440 4322; x_wconf 80' lang='lat' dir='ltr'><strong>Marce</strong></span> <span class='ocrx_word' id='word_1_252' title='bbox 451 4265 573 4322; x_wconf 83' lang='lat' dir='ltr'><strong>rwster</strong></span> <span class='ocrx_word' id='word_1_253' title='bbox 586 4248 840 4349; x_wconf 77' lang='lat' dir='ltr'><strong>Evangelista.</strong></span> <span class='ocrx_word' id='word_1_254' title='bbox 856 4249 908 4320; x_wconf 85' lang='lat' dir='ltr'><strong>At</strong></span> <span class='ocrx_word' id='word_1_255' title='bbox 920 4247 979 4320; x_wconf 84' lang='lat' dir='ltr'><strong>itte</strong></span> <span class='ocrx_word' id='word_1_256' title='bbox 996 4278 1004 4318; x_wconf 90' lang='lat'>:</span> <span class='ocrx_word' id='word_1_257' title='bbox 1022 4247 1192 4336; x_wconf 82' lang='lat' dir='ltr'><strong>Gratias,</strong></span> <span class='ocrx_word' id='word_1_258' title='bbox 1212 4250 1273 4320; x_wconf 94' lang='lat' dir='ltr'><strong>in-</strong></span> 
     </span>
     <span class='ocr_line' id='line_1_34' title="bbox 205 4365 1275 4468; baseline 0.005 -31"><span class='ocrx_word' id='word_1_259' title='bbox 205 4367 307 4468; x_wconf 90' lang='lat' dir='ltr'><strong>quit,</strong></span> <span class='ocrx_word' id='word_1_260' title='bbox 335 4366 402 4439; x_wconf 86' lang='lat' dir='ltr'><strong>tibi</strong></span> <span class='ocrx_word' id='word_1_261' title='bbox 425 4393 517 4467; x_wconf 85' lang='lat' dir='ltr'><strong>ago,</strong></span> <span class='ocrx_word' id='word_1_262' title='bbox 546 4367 703 4440; x_wconf 85' lang='lat' dir='ltr'><strong>Domine</strong></span> <span class='ocrx_word' id='word_1_263' title='bbox 728 4366 815 4441; x_wconf 84' lang='lat' dir='ltr'><strong>Jesu</strong></span> <span class='ocrx_word' id='word_1_264' title='bbox 841 4365 993 4440; x_wconf 79' lang='lat' dir='ltr'><strong>Christe.</strong></span> <span class='ocrx_word' id='word_1_265' title='bbox 1021 4366 1126 4439; x_wconf 83' lang='lat' dir='ltr'><strong>Mane</strong></span> <span class='ocrx_word' id='word_1_266' title='bbox 1153 4379 1275 4447; x_wconf 84' lang='lat' dir='ltr'><strong>autem</strong></span> 
     </span>
    </p>
   </div>
   <div class='ocr_carea' id='block_1_3' title="bbox 0 0 1477 4958">
    <p class='ocr_par' dir='ltr' id='par_1_4' title="bbox 0 0 1477 4958">
     <span class='ocr_line' id='line_1_35' title="bbox 0 0 1477 4958; baseline 0 0"><span class='ocrx_word' id='word_1_267' title='bbox 0 0 1477 4958; x_wconf 95' lang='lat' dir='ltr'><strong> </strong></span> 
     </span>
    </p>
   </div>
  </div>
 </body>
</html>
