2916 4958
242 397 304 460 21(
516 397 700 458 HISTORIA
722 393 1027 459 tcctsstttstlca

241 534 278 594 et
300 515 596 617 praedicationem
621 519 697 615 ejus
723 514 767 589 de
790 515 949 591 Domino
967 515 1052 590 Jesu
1071 512 1220 590 Christo
1237 517 1312 591 suis

240 632 504 734 objectionibus
521 658 769 735 conquassare.
794 631 988 733 Apostolus
1009 657 1097 707 vero
1114 633 1154 705 in
1171 632 1314 732 Spiritu

240 750 373 823 Sancto
391 747 614 824 confidenter
635 749 727 850 egit,
748 774 873 822 omnes
890 747 1081 821 adversarii
1098 749 1313 824 assertiones

240 866 435 954 evacuavit,
448 865 605 966 eiqueex
616 864 747 939 divinis
757 864 1074 964 seripturislesum
1085 864 1314 940 Nazarenum

241 1010 313 1059 esse
328 1009 456 1058 verum
472 982 589 1057 filium
606 984 671 1058 llei
688 981 861 1057 ostendit.
887 982 1062 1057 Reversus
1084 980 1130 1055 ad
1154 983 1314 1057 llermo-

238 1125 368 1201 genem
392 1098 528 1173 Filetus
551 1123 780 1197 summopere
802 1096 916 1197 coepit
938 1093 1116 1174 Jacobum
1138 1096 1309 1185 laudare,

238 1217 469 1318 allegationes
485 1219 560 1315 ejus
577 1215 621 1289 de
639 1241 720 1289 vera
736 1214 807 1289 fide
825 1213 981 1290 fideliter
1002 1212 1227 1314 approbate,
1253 1214 1314 1313 ip-

223 1326 390 1433 'sumque
406 1327 687 1431 insuperabilem
704 1328 897 1419 extollere,
923 1345 961 1404 et
975 1329 1090 1403 multa
1106 1354 1191 1430 qum
1205 1327 1313 1403 vide-

238 1447 360 1522 ratvel
371 1446 532 1522 audierat
540 1446 711 1520 miracula
720 1443 917 1546 publicare.
927 1444 1313 1546 Deniquemagistrum

238 1563 486 1650 commonuit,
505 1576 548 1635 ut
563 1559 672 1637 ambo
689 1561 734 1635 ad
750 1561 869 1661 ipsum
879 1562 1057 1636 continuo
1074 1560 1192 1650 irent,
1211 1573 1249 1637 et
1265 1557 1313 1633 ab

238 1705 283 1759 eo
295 1679 557 1781 indulgentiam
567 1679 812 1779 postularent,
826 1682 973 1780 ejusque
984 1676 1151 1777 discipuli
1162 1675 1309 1753 fierent.

237 1796 482 1897 Hermogenes
509 1796 621 1896 igitur
646 1794 724 1869 zelo
749 1793 907 1894 repletus
927 1793 1085 1870 Filetum
1103 1794 1154 1867 ita
1169 1792 1312 1882 vinxit,

237 1927 282 1987 ut
298 1938 445 1990 movere
460 1938 497 1987 se
510 1938 588 1989 non
607 1927 742 2013 posset.
761 1909 957 2010 Apostolus
973 1934 1082 1999 vero,
1101 1925 1144 1984 ut
1158 1908 1229 1985 boc
1244 1934 1312 2009 per

236 2055 393 2131 puerum
407 2029 514 2105 Fileti
529 2029 695 2130 agnovit,
714 2026 899 2101 sudarium
913 2053 1019 2102 suum
1032 2027 1086 2100 illi
1098 2025 1253 2115 direxit,
1270 2050 1313 2099 ao

237 2159 282 2220 ut
300 2144 384 2220 inde
404 2145 443 2218 in
462 2146 612 2219 nomine
627 2144 777 2218 Domini
795 2158 1004 2244 tangeretur
1019 2142 1208 2243 praecepit.
1227 2141 1314 2236 Quo

238 2259 358 2350 laeto,
377 2285 464 2335 mox
480 2286 500 2332 a
515 2259 664 2334 vinculo
680 2260 775 2361 magi
792 2259 971 2339 resolutus
987 2257 1031 2331 ad
1046 2255 1224 2332 Jacobum
1243 2283 1313 2331 eu-

239 2375 375 2465 currit,
394 2374 675 2476 daemonicisque
693 2374 876 2450 maleficiis
891 2374 1090 2474 tripudians
1106 2372 1310 2448 insultavit.

238 2492 364 2594 Magus
379 2506 521 2580 autem,
538 2492 694 2567 nimium
710 2491 836 2569 dolens
844 2544 857 2583 ,
882 2505 959 2567 arte
975 2490 1112 2565 nefaria
1128 2488 1315 2565 demones

239 2609 426 2699 excitavit,
448 2609 568 2709 eisque
590 2624 634 2682 ut
652 2608 830 2685 Jacobum
850 2624 889 2683 et
908 2607 1065 2684 Filetum
1080 2607 1224 2682 unctos
1241 2605 1312 2681 sibi

239 2724 458 2801 adducerent
463 2725 583 2825 jussit.
597 2725 655 2799 llli
668 2751 756 2801 vero
770 2726 956 2800 venientes
970 2725 1008 2797 iu
1023 2750 1105 2799 aere
1117 2738 1315 2824 coeperunt

238 2841 398 2934 ululare,
416 2858 453 2916 et
471 2841 697 2917 horribiliter
714 2844 889 2943 conqueri
911 2841 1029 2942 quod,
1048 2841 1162 2942 igneis
1177 2839 1313 2916 ibidem

240 2959 375 3033 catenis
391 2958 555 3059 religati,
574 2959 823 3030 cruciarentur
839 2956 884 3030 ab
902 2956 1030 3057 angelo
1047 2958 1127 3031 Dei.
1147 2958 1313 3033 Tandem

240 3071 393 3174 apostoli
404 3075 508 3172 jussu
526 3070 682 3146 absoluti
704 3087 811 3162 sunt,
829 3086 867 3145 et
882 3096 983 3147 versa
998 3071 1076 3147 vice
1091 3071 1136 3146 ad
1152 3073 1314 3148 Hermo-

238 3214 368 3290 genem
394 3187 601 3276 redierunt,
629 3189 734 3289 eique
758 3187 804 3262 de
828 3185 983 3263 restibus
1007 3213 1027 3260 a
1056 3203 1159 3289 tergo
1181 3214 1316 3264 manus

239 3304 464 3409 ligaverunt,
482 3319 520 3379 et
532 3305 697 3378 vinctum
714 3304 757 3378 ad
775 3305 980 3406 apostolum
996 3305 1260 3405 perduxerunt.

287 3423 417 3500 Beatus
427 3450 514 3501 vero
525 3422 710 3524 apostolus
722 3423 827 3498 illum
839 3425 1060 3524 increpavit,
1071 3423 1312 3501 daemonicam

242 3542 449 3616 societatem
474 3539 615 3617 homini
642 3539 887 3632 detestabilem
914 3558 952 3615 et
982 3542 1137 3615 omnino
1161 3542 1312 3616 noxiam

241 3682 315 3732 esse
328 3659 496 3747 asseruit,
515 3656 762 3759 humilemque
779 3684 925 3758 magum
948 3673 986 3731 et
1010 3656 1204 3733 confusum
1227 3673 1314 3731 ante

240 3801 277 3850 se
300 3789 456 3849 stantem
475 3802 494 3848 a
512 3774 631 3850 Fileto
649 3774 739 3850 solvi
756 3775 943 3876 praecepit.
968 3769 1166 3848 Absolutm
1188 3774 1312 3874 itaque

240 3889 409 3964 baculum
422 3891 575 3991 apostoli
590 3906 718 3965 eontm
734 3892 945 3966 doemonum
955 3891 1025 3963 iras
1034 3890 1206 3990 sumpsit,
1218 3905 1256 3965 et
1265 3889 1313 3963 de

238 4007 350 4083 domo
368 4035 425 4081 sua
445 4009 613 4084 zabernas
626 4009 809 4083 codicibus
826 4011 968 4108 plenas,
989 4005 1187 4082 cervicibus
1203 4007 1309 4080 disci·

240 4122 410 4222 pulorum
437 4151 586 4199 suorum
615 4126 820 4223 impositas,
851 4124 988 4197 attulit.
1016 4122 1154 4198 Deinde
1182 4149 1311 4199 omnes
