<?xml version="1.0" encoding="UTF-8"?>
<!DOCTYPE html PUBLIC "-//W3C//DTD XHTML 1.0 Transitional//EN"
    "http://www.w3.org/TR/xhtml1/DTD/xhtml1-transitional.dtd">
<html xmlns="http://www.w3.org/1999/xhtml" xml:lang="en" lang="en">
 <head>
  <title>
</title>
<meta http-equiv="Content-Type" content="text/html;charset=utf-8" />
  <meta name='ocr-system' content='tesseract 3.04.00' />
  <meta name='ocr-capabilities' content='ocr_page ocr_carea ocr_par ocr_line ocrx_word'/>
</head>
<body>
  <div class='ocr_page' id='page_1' title='image "./ordericivitalis02deligoog/ordericivitalis02deligoog_0059.png"; bbox 0 0 2894 4958; ppageno 0'>
   <div class='ocr_carea' id='block_1_1' title="bbox 544 443 1251 510">
    <p class='ocr_par' dir='ltr' id='par_1_1' title="bbox 544 443 1251 510">
     <span class='ocr_line' id='line_1_1' title="bbox 544 443 1251 510; baseline 0.007 -5"><span class='ocrx_word' id='word_1_1' title='bbox 544 467 549 473; x_wconf 92' lang='lat'>·</span> <span class='ocrx_word' id='word_1_2' title='bbox 571 443 687 506; x_wconf 79' lang='lat' dir='ltr'>LIBER</span> <span class='ocrx_word' id='word_1_3' title='bbox 708 445 866 508; x_wconf 80' lang='lat' dir='ltr'><strong>PRIMUS.</strong></span> <span class='ocrx_word' id='word_1_4' title='bbox 1211 449 1251 510; x_wconf 74' lang='lat'>45</span> 
     </span>
    </p>
   </div>
   <div class='ocr_carea' id='block_1_2' title="bbox 171 565 1251 3808">
    <p class='ocr_par' dir='ltr' id='par_1_2' title="bbox 171 565 1251 2063">
     <span class='ocr_line' id='line_1_2' title="bbox 186 565 1249 665; baseline 0 -23"><span class='ocrx_word' id='word_1_5' title='bbox 186 570 307 644; x_wconf 85' lang='lat' dir='ltr'>lorum</span> <span class='ocrx_word' id='word_1_6' title='bbox 318 567 385 665; x_wconf 84' lang='grc' dir='ltr'>(ι).</span> <span class='ocrx_word' id='word_1_7' title='bbox 401 568 539 654; x_wconf 86' lang='lat' dir='ltr'>Petrus,</span> <span class='ocrx_word' id='word_1_8' title='bbox 554 565 673 639; x_wconf 77' lang='lat' dir='ltr'>audita</span> <span class='ocrx_word' id='word_1_9' title='bbox 684 581 890 665; x_wconf 71' lang='lat' dir='ltr'>spontanee</span> <span class='ocrx_word' id='word_1_10' title='bbox 902 566 1120 665; x_wconf 71' lang='lat' dir='ltr'>paupertatis</span> <span class='ocrx_word' id='word_1_11' title='bbox 1131 566 1249 659; x_wconf 88' lang='lat' dir='ltr'>laude,</span> 
     </span>
     <span class='ocr_line' id='line_1_3' title="bbox 184 664 1249 778; baseline -0.002 -20"><span class='ocrx_word' id='word_1_12' title='bbox 184 685 342 759; x_wconf 87' lang='lat' dir='ltr'>dulciter</span> <span class='ocrx_word' id='word_1_13' title='bbox 359 682 573 757; x_wconf 83' lang='lat' dir='ltr'>exhilaratus</span> <span class='ocrx_word' id='word_1_14' title='bbox 588 682 638 754; x_wconf 91' lang='lat' dir='ltr'>ait</span> <span class='ocrx_word' id='word_1_15' title='bbox 654 680 698 753; x_wconf 94' lang='lat' dir='ltr'>ad</span> <span class='ocrx_word' id='word_1_16' title='bbox 715 682 912 757; x_wconf 85' lang='lat' dir='ltr'>Dominum</span> <span class='ocrx_word' id='word_1_17' title='bbox 933 664 1063 778; x_wconf 70' lang='lat' dir='ltr'>:licre</span> <span class='ocrx_word' id='word_1_18' title='bbox 1081 709 1148 755; x_wconf 84' lang='lat' dir='ltr'>nos</span> <span class='ocrx_word' id='word_1_19' title='bbox 1164 684 1249 756; x_wconf 88' lang='lat' dir='ltr'>reli-</span> 
     </span>
     <span class='ocr_line' id='line_1_4' title="bbox 185 796 1249 901; baseline -0.003 -27"><span class='ocrx_word' id='word_1_20' title='bbox 185 802 332 901; x_wconf 84' lang='lat' dir='ltr'>quimus</span> <span class='ocrx_word' id='word_1_21' title='bbox 354 799 500 885; x_wconf 81' lang='lat' dir='ltr'>omnia,</span> <span class='ocrx_word' id='word_1_22' title='bbox 528 813 562 869; x_wconf 87' lang='lat' dir='ltr'>et</span> <span class='ocrx_word' id='word_1_23' title='bbox 585 798 701 870; x_wconf 80' lang='lat' dir='ltr'>secuti</span> <span class='ocrx_word' id='word_1_24' title='bbox 721 823 846 870; x_wconf 84' lang='lat' dir='ltr'>sumus</span> <span class='ocrx_word' id='word_1_25' title='bbox 871 812 915 868; x_wconf 84' lang='lat' dir='ltr'>te.</span> <span class='ocrx_word' id='word_1_26' title='bbox 946 796 1050 897; x_wconf 75' lang='lat' dir='ltr'>Quid</span> <span class='ocrx_word' id='word_1_27' title='bbox 1072 824 1158 896; x_wconf 83' lang='lat' dir='ltr'>ergo</span> <span class='ocrx_word' id='word_1_28' title='bbox 1183 802 1249 871; x_wconf 80' lang='lat' dir='ltr'>erit</span> 
     </span>
     <span class='ocr_line' id='line_1_5' title="bbox 185 911 1248 988; baseline -0.002 0"><span class='ocrx_word' id='word_1_29' title='bbox 185 913 328 988; x_wconf 79' lang='lat' dir='ltr'>nobis?</span> <span class='ocrx_word' id='word_1_30' title='bbox 354 916 454 987; x_wconf 90' lang='lat' dir='ltr'>Jesus</span> <span class='ocrx_word' id='word_1_31' title='bbox 482 927 602 986; x_wconf 84' lang='lat' dir='ltr'>autem</span> <span class='ocrx_word' id='word_1_32' title='bbox 629 911 721 984; x_wconf 84' lang='lat' dir='ltr'>dixit</span> <span class='ocrx_word' id='word_1_33' title='bbox 752 913 802 986; x_wconf 92' lang='lat' dir='ltr'>eis</span> <span class='ocrx_word' id='word_1_34' title='bbox 833 942 842 983; x_wconf 73' lang='grc' dir='ltr'><strong>ε</strong></span> <span class='ocrx_word' id='word_1_35' title='bbox 872 914 993 986; x_wconf 87' lang='lat' dir='ltr'>Amen</span> <span class='ocrx_word' id='word_1_36' title='bbox 1025 913 1110 986; x_wconf 87' lang='lat' dir='ltr'>dico</span> <span class='ocrx_word' id='word_1_37' title='bbox 1146 914 1248 986; x_wconf 83' lang='lat' dir='ltr'>vobis</span> 
     </span>
     <span class='ocr_line' id='line_1_6' title="bbox 186 1031 1248 1132; baseline -0.004 -26"><span class='ocrx_word' id='word_1_38' title='bbox 186 1032 289 1132; x_wconf 83' lang='lat' dir='ltr'>quod</span> <span class='ocrx_word' id='word_1_39' title='bbox 317 1059 404 1122; x_wconf 81' lang='lat' dir='ltr'>vos,</span> <span class='ocrx_word' id='word_1_40' title='bbox 437 1031 503 1130; x_wconf 88' lang='lat' dir='ltr'>qui</span> <span class='ocrx_word' id='word_1_41' title='bbox 526 1031 641 1102; x_wconf 81' lang='lat' dir='ltr'>secuti</span> <span class='ocrx_word' id='word_1_42' title='bbox 666 1031 750 1102; x_wconf 85' lang='lat' dir='ltr'>estis</span> <span class='ocrx_word' id='word_1_43' title='bbox 777 1054 857 1117; x_wconf 87' lang='lat' dir='ltr'>me,</span> <span class='ocrx_word' id='word_1_44' title='bbox 891 1031 930 1101; x_wconf 86' lang='lat' dir='ltr'>in</span> <span class='ocrx_word' id='word_1_45' title='bbox 957 1035 1248 1130; x_wconf 79' lang='lat' dir='ltr'>regeneratione,</span> 
     </span>
     <span class='ocr_line' id='line_1_7' title="bbox 186 1144 1247 1246; baseline -0.004 -24"><span class='ocrx_word' id='word_1_46' title='bbox 186 1175 272 1221; x_wconf 86' lang='lat' dir='ltr'>cum</span> <span class='ocrx_word' id='word_1_47' title='bbox 291 1148 424 1221; x_wconf 83' lang='lat' dir='ltr'>sederit</span> <span class='ocrx_word' id='word_1_48' title='bbox 440 1148 565 1219; x_wconf 83' lang='lat' dir='ltr'>Filius</span> <span class='ocrx_word' id='word_1_49' title='bbox 582 1144 738 1217; x_wconf 79' lang='lat' dir='ltr'>hominis</span> <span class='ocrx_word' id='word_1_50' title='bbox 759 1147 798 1217; x_wconf 87' lang='lat' dir='ltr'>in</span> <span class='ocrx_word' id='word_1_51' title='bbox 817 1145 902 1218; x_wconf 86' lang='lat' dir='ltr'>sede</span> <span class='ocrx_word' id='word_1_52' title='bbox 925 1147 1127 1246; x_wconf 65' lang='lat' dir='ltr'>majestatis</span> <span class='ocrx_word' id='word_1_53' title='bbox 1150 1173 1247 1236; x_wconf 84' lang='lat' dir='ltr'>snoe,</span> 
     </span>
     <span class='ocr_line' id='line_1_8' title="bbox 184 1259 1249 1364; baseline -0.003 -27"><span class='ocrx_word' id='word_1_54' title='bbox 184 1263 357 1337; x_wconf 85' lang='lat' dir='ltr'>sedebitis</span> <span class='ocrx_word' id='word_1_55' title='bbox 383 1279 418 1336; x_wconf 82' lang='lat' dir='ltr'>et</span> <span class='ocrx_word' id='word_1_56' title='bbox 443 1288 509 1337; x_wconf 86' lang='lat' dir='ltr'>oos</span> <span class='ocrx_word' id='word_1_57' title='bbox 531 1287 642 1364; x_wconf 83' lang='lat' dir='ltr'>super</span> <span class='ocrx_word' id='word_1_58' title='bbox 663 1259 766 1334; x_wconf 83' lang='lat' dir='ltr'>sedes</span> <span class='ocrx_word' id='word_1_59' title='bbox 792 1286 844 1334; x_wconf 83' lang='lat' dir='ltr'>xu</span> <span class='ocrx_word' id='word_1_60' title='bbox 863 1261 1078 1361; x_wconf 83' lang='lat' dir='ltr'>judicantes</span> <span class='ocrx_word' id='word_1_61' title='bbox 1103 1285 1155 1332; x_wconf 89' lang='lat' dir='ltr'>xu</span> <span class='ocrx_word' id='word_1_62' title='bbox 1182 1264 1249 1334; x_wconf 89' lang='lat' dir='ltr'>tri-</span> 
     </span>
     <span class='ocr_line' id='line_1_9' title="bbox 186 1376 1251 1478; baseline -0.003 -25"><span class='ocrx_word' id='word_1_63' title='bbox 186 1380 254 1453; x_wconf 80' lang='lat' dir='ltr'>bus</span> <span class='ocrx_word' id='word_1_64' title='bbox 283 1380 413 1453; x_wconf 83' lang='lat' dir='ltr'>Israel.</span> <span class='ocrx_word' id='word_1_65' title='bbox 443 1377 496 1452; x_wconf 84' lang='lat' dir='ltr'>Et</span> <span class='ocrx_word' id='word_1_66' title='bbox 526 1380 643 1452; x_wconf 85' lang='lat' dir='ltr'>omnis</span> <span class='ocrx_word' id='word_1_67' title='bbox 672 1379 737 1477; x_wconf 85' lang='lat' dir='ltr'>qui</span> <span class='ocrx_word' id='word_1_68' title='bbox 768 1377 951 1478; x_wconf 81' lang='lat' dir='ltr'>reliquerit</span> <span class='ocrx_word' id='word_1_69' title='bbox 978 1376 1128 1450; x_wconf 86' lang='lat' dir='ltr'>domum</span> <span class='ocrx_word' id='word_1_70' title='bbox 1140 1431 1154 1465; x_wconf 90' lang='lat'><em>,</em></span> <span class='ocrx_word' id='word_1_71' title='bbox 1189 1378 1251 1450; x_wconf 86' lang='lat' dir='ltr'>oel</span> 
     </span>
     <span class='ocr_line' id='line_1_10' title="bbox 171 1494 1250 1599; baseline -0.006 -27"><span class='ocrx_word' id='word_1_72' title='bbox 171 1494 337 1599; x_wconf 74' lang='lat' dir='ltr'>fratres,</span> <span class='ocrx_word' id='word_1_73' title='bbox 360 1516 425 1571; x_wconf 80' lang='lat' dir='ltr'>aut</span> <span class='ocrx_word' id='word_1_74' title='bbox 446 1521 586 1571; x_wconf 85' lang='lat' dir='ltr'>sorores</span> <span class='ocrx_word' id='word_1_75' title='bbox 596 1552 610 1586; x_wconf 87' lang='lat'><em>,</em></span> <span class='ocrx_word' id='word_1_76' title='bbox 635 1509 702 1567; x_wconf 84' lang='lat' dir='ltr'>aut</span> <span class='ocrx_word' id='word_1_77' title='bbox 718 1511 879 1595; x_wconf 80' lang='lat' dir='ltr'>patrem,</span> <span class='ocrx_word' id='word_1_78' title='bbox 906 1512 970 1567; x_wconf 82' lang='lat' dir='ltr'>aut</span> <span class='ocrx_word' id='word_1_79' title='bbox 991 1511 1159 1580; x_wconf 80' lang='lat' dir='ltr'>matrem,</span> <span class='ocrx_word' id='word_1_80' title='bbox 1185 1513 1250 1566; x_wconf 80' lang='lat' dir='ltr'>out</span> 
     </span>
     <span class='ocr_line' id='line_1_11' title="bbox 185 1610 1247 1712; baseline -0.005 -25"><span class='ocrx_word' id='word_1_81' title='bbox 185 1639 353 1703; x_wconf 67' lang='lat' dir='ltr'>uxorem,</span> <span class='ocrx_word' id='word_1_82' title='bbox 372 1610 566 1711; x_wconf 81' lang='lat' dir='ltr'>autfilios,</span> <span class='ocrx_word' id='word_1_83' title='bbox 584 1628 651 1682; x_wconf 83' lang='lat' dir='ltr'>aut</span> <span class='ocrx_word' id='word_1_84' title='bbox 663 1635 775 1710; x_wconf 82' lang='lat' dir='ltr'>agros</span> <span class='ocrx_word' id='word_1_85' title='bbox 788 1626 942 1712; x_wconf 82' lang='lat' dir='ltr'>propter</span> <span class='ocrx_word' id='word_1_86' title='bbox 958 1636 1087 1682; x_wconf 88' lang='lat' dir='ltr'>nomen</span> <span class='ocrx_word' id='word_1_87' title='bbox 1109 1635 1247 1698; x_wconf 77' lang='lat' dir='ltr'>nisum,</span> 
     </span>
     <span class='ocr_line' id='line_1_12' title="bbox 184 1726 1247 1837; baseline -0.006 -33"><span class='ocrx_word' id='word_1_88' title='bbox 184 1733 395 1834; x_wconf 81' lang='lat' dir='ltr'>centuplum</span> <span class='ocrx_word' id='word_1_89' title='bbox 427 1730 585 1830; x_wconf 80' lang='lat' dir='ltr'>accipiet</span> <span class='ocrx_word' id='word_1_90' title='bbox 617 1743 652 1799; x_wconf 89' lang='lat' dir='ltr'>et</span> <span class='ocrx_word' id='word_1_91' title='bbox 686 1728 801 1837; x_wconf 72' lang='lat' dir='ltr'>citam</span> <span class='ocrx_word' id='word_1_92' title='bbox 831 1745 1005 1800; x_wconf 65' lang='lat' dir='ltr'>(eternam</span> <span class='ocrx_word' id='word_1_93' title='bbox 1030 1726 1247 1828; x_wconf 83' lang='lat' dir='ltr'>possidebit.</span> 
     </span>
     <span class='ocr_line' id='line_1_13' title="bbox 184 1844 1251 1945; baseline -0.007 -23"><span class='ocrx_word' id='word_1_94' title='bbox 184 1849 301 1921; x_wconf 80' lang='lat' dir='ltr'>Multi</span> <span class='ocrx_word' id='word_1_95' title='bbox 334 1867 455 1921; x_wconf 78' lang='lat' dir='ltr'>autem</span> <span class='ocrx_word' id='word_1_96' title='bbox 490 1861 593 1919; x_wconf 84' lang='lat' dir='ltr'>erunt</span> <span class='ocrx_word' id='word_1_97' title='bbox 619 1845 737 1945; x_wconf 82' lang='lat' dir='ltr'>primi</span> <span class='ocrx_word' id='word_1_98' title='bbox 767 1845 955 1919; x_wconf 77' lang='lat' dir='ltr'>novissimi</span> <span class='ocrx_word' id='word_1_99' title='bbox 992 1859 1026 1916; x_wconf 84' lang='lat' dir='ltr'>et</span> <span class='ocrx_word' id='word_1_100' title='bbox 1064 1844 1251 1918; x_wconf 75' lang='lat' dir='ltr'>novissimi</span> 
     </span>
     <span class='ocr_line' id='line_1_14' title="bbox 178 1964 1228 2063; baseline -0.011 -27"><span class='ocrx_word' id='word_1_101' title='bbox 178 1964 327 2063; x_wconf 81' lang='lat' dir='ltr'>primi(</span> <span class='ocrx_word' id='word_1_102' title='bbox 352 1965 382 2061; x_wconf 92' lang='lat'>).</span> <span class='ocrx_word' id='word_1_103' title='bbox 723 1994 727 2007; x_wconf 82' lang='lat'><strong>·</strong></span> <span class='ocrx_word' id='word_1_104' title='bbox 1226 2020 1228 2024; x_wconf 81' lang='grc'>,</span> 
     </span>
    </p>

    <p class='ocr_par' dir='ltr' id='par_1_3' title="bbox 183 2075 1248 3808">
     <span class='ocr_line' id='line_1_15' title="bbox 235 2075 1247 2178; baseline -0.003 -29"><span class='ocrx_word' id='word_1_105' title='bbox 235 2078 372 2153; x_wconf 85' lang='lat' dir='ltr'>Deinde</span> <span class='ocrx_word' id='word_1_106' title='bbox 393 2079 599 2178; x_wconf 85' lang='lat' dir='ltr'>parabolam</span> <span class='ocrx_word' id='word_1_107' title='bbox 619 2077 810 2178; x_wconf 87' lang='lat' dir='ltr'>proposuit</span> <span class='ocrx_word' id='word_1_108' title='bbox 825 2076 870 2149; x_wconf 89' lang='lat' dir='ltr'>de</span> <span class='ocrx_word' id='word_1_109' title='bbox 886 2075 1160 2175; x_wconf 82' lang='lat' dir='ltr'>patrefamilias,</span> <span class='ocrx_word' id='word_1_110' title='bbox 1184 2076 1247 2175; x_wconf 92' lang='lat' dir='ltr'>qui</span> 
     </span>
     <span class='ocr_line' id='line_1_16' title="bbox 184 2193 1248 2296; baseline -0.005 -27"><span class='ocrx_word' id='word_1_111' title='bbox 184 2195 360 2269; x_wconf 87' lang='lat' dir='ltr'>conduxit</span> <span class='ocrx_word' id='word_1_112' title='bbox 376 2198 558 2296; x_wconf 89' lang='lat' dir='ltr'>operarios</span> <span class='ocrx_word' id='word_1_113' title='bbox 579 2197 618 2268; x_wconf 92' lang='lat' dir='ltr'>in</span> <span class='ocrx_word' id='word_1_114' title='bbox 635 2196 776 2270; x_wconf 86' lang='lat' dir='ltr'>vineam</span> <span class='ocrx_word' id='word_1_115' title='bbox 790 2219 891 2266; x_wconf 84' lang='lat' dir='ltr'>suum</span> <span class='ocrx_word' id='word_1_116' title='bbox 911 2194 1058 2268; x_wconf 87' lang='lat' dir='ltr'>diversis</span> <span class='ocrx_word' id='word_1_117' title='bbox 1075 2193 1192 2282; x_wconf 88' lang='lat' dir='ltr'>horis,</span> <span class='ocrx_word' id='word_1_118' title='bbox 1211 2207 1248 2266; x_wconf 91' lang='lat' dir='ltr'>et</span> 
     </span>
     <span class='ocr_line' id='line_1_17' title="bbox 184 2310 1247 2414; baseline 0 -29"><span class='ocrx_word' id='word_1_119' title='bbox 184 2313 361 2414; x_wconf 66' lang='lat' dir='ltr'>equalem</span> <span class='ocrx_word' id='word_1_120' title='bbox 383 2313 585 2388; x_wconf 87' lang='lat' dir='ltr'>mercedem</span> <span class='ocrx_word' id='word_1_121' title='bbox 610 2312 717 2385; x_wconf 89' lang='lat' dir='ltr'>unius</span> <span class='ocrx_word' id='word_1_122' title='bbox 741 2311 878 2385; x_wconf 86' lang='lat' dir='ltr'>denarii</span> <span class='ocrx_word' id='word_1_123' title='bbox 904 2310 1004 2384; x_wconf 90' lang='lat' dir='ltr'>dedit</span> <span class='ocrx_word' id='word_1_124' title='bbox 1026 2312 1223 2411; x_wconf 89' lang='lat' dir='ltr'>unicuique</span> <span class='ocrx_word' id='word_1_125' title='bbox 1235 2364 1247 2401; x_wconf 86' lang='lat'>‚</span> 
     </span>
     <span class='ocr_line' id='line_1_18' title="bbox 184 2428 1248 2530; baseline 0 -28"><span class='ocrx_word' id='word_1_126' title='bbox 184 2430 361 2530; x_wconf 85' lang='lat' dir='ltr'>iucipiens</span> <span class='ocrx_word' id='word_1_127' title='bbox 387 2456 406 2502; x_wconf 88' lang='lat' dir='ltr'>a</span> <span class='ocrx_word' id='word_1_128' title='bbox 430 2430 632 2503; x_wconf 80' lang='lat' dir='ltr'>novissimis</span> <span class='ocrx_word' id='word_1_129' title='bbox 656 2454 768 2528; x_wconf 89' lang='lat' dir='ltr'>usque</span> <span class='ocrx_word' id='word_1_130' title='bbox 793 2428 836 2501; x_wconf 89' lang='lat' dir='ltr'>ad</span> <span class='ocrx_word' id='word_1_131' title='bbox 862 2429 999 2528; x_wconf 89' lang='lat' dir='ltr'>primos</span> <span class='ocrx_word' id='word_1_132' title='bbox 1024 2429 1096 2528; x_wconf 71' lang='grc' dir='ltr'>(ὅ).</span> <span class='ocrx_word' id='word_1_133' title='bbox 1126 2429 1248 2504; x_wconf 86' lang='lat' dir='ltr'>Varie-</span> 
     </span>
     <span class='ocr_line' id='line_1_19' title="bbox 183 2542 1247 2646; baseline 0 -30"><span class='ocrx_word' id='word_1_134' title='bbox 183 2559 276 2618; x_wconf 87' lang='lat' dir='ltr'>tates</span> <span class='ocrx_word' id='word_1_135' title='bbox 298 2542 470 2619; x_wconf 90' lang='lat' dir='ltr'>horarum</span> <span class='ocrx_word' id='word_1_136' title='bbox 487 2546 606 2646; x_wconf 80' lang='lat' dir='ltr'>typice</span> <span class='ocrx_word' id='word_1_137' title='bbox 631 2544 885 2644; x_wconf 86' lang='lat' dir='ltr'>intelliguntur</span> <span class='ocrx_word' id='word_1_138' title='bbox 905 2544 1102 2618; x_wconf 87' lang='lat' dir='ltr'>secundum</span> <span class='ocrx_word' id='word_1_139' title='bbox 1126 2559 1247 2618; x_wconf 87' lang='lat' dir='ltr'>aetates</span> 
     </span>
     <span class='ocr_line' id='line_1_20' title="bbox 183 2658 1247 2760; baseline 0.003 -28"><span class='ocrx_word' id='word_1_140' title='bbox 183 2658 338 2734; x_wconf 86' lang='lat' dir='ltr'>labentis</span> <span class='ocrx_word' id='word_1_141' title='bbox 366 2663 488 2735; x_wconf 89' lang='lat' dir='ltr'>seculi.</span> <span class='ocrx_word' id='word_1_142' title='bbox 521 2663 628 2735; x_wconf 87' lang='lat' dir='ltr'>Mane</span> <span class='ocrx_word' id='word_1_143' title='bbox 651 2661 772 2760; x_wconf 91' lang='lat' dir='ltr'>primo</span> <span class='ocrx_word' id='word_1_144' title='bbox 799 2660 976 2735; x_wconf 83' lang='lat' dir='ltr'>laboravit</span> <span class='ocrx_word' id='word_1_145' title='bbox 1002 2661 1110 2751; x_wconf 84' lang='lat' dir='ltr'>Abel,</span> <span class='ocrx_word' id='word_1_146' title='bbox 1143 2663 1247 2736; x_wconf 87' lang='lat' dir='ltr'>tertia</span> 
     </span>
     <span class='ocr_line' id='line_1_21' title="bbox 183 2775 1248 2876; baseline 0.002 -28"><span class='ocrx_word' id='word_1_147' title='bbox 183 2775 285 2865; x_wconf 84' lang='lat' dir='ltr'>Noe,</span> <span class='ocrx_word' id='word_1_148' title='bbox 302 2791 401 2850; x_wconf 83' lang='lat' dir='ltr'>sexta</span> <span class='ocrx_word' id='word_1_149' title='bbox 417 2776 619 2864; x_wconf 85' lang='lat' dir='ltr'>Abraham,</span> <span class='ocrx_word' id='word_1_150' title='bbox 641 2801 738 2849; x_wconf 87' lang='lat' dir='ltr'>nona</span> <span class='ocrx_word' id='word_1_151' title='bbox 757 2777 938 2876; x_wconf 79' lang='lat' dir='ltr'>legislator</span> <span class='ocrx_word' id='word_1_152' title='bbox 957 2778 1107 2874; x_wconf 73' lang='lat' dir='ltr'>Moyses.</span> <span class='ocrx_word' id='word_1_153' title='bbox 1129 2777 1248 2850; x_wconf 88' lang='lat' dir='ltr'>Unde-</span> 
     </span>
     <span class='ocr_line' id='line_1_22' title="bbox 184 2889 1246 2993; baseline 0.001 -29"><span class='ocrx_word' id='word_1_154' title='bbox 184 2892 276 2965; x_wconf 85' lang='lat' dir='ltr'>cima</span> <span class='ocrx_word' id='word_1_155' title='bbox 293 2889 381 2966; x_wconf 86' lang='lat' dir='ltr'>hora</span> <span class='ocrx_word' id='word_1_156' title='bbox 398 2892 561 2966; x_wconf 88' lang='lat' dir='ltr'>Christus</span> <span class='ocrx_word' id='word_1_157' title='bbox 577 2892 693 2977; x_wconf 80' lang='lat' dir='ltr'>venit,</span> <span class='ocrx_word' id='word_1_158' title='bbox 710 2908 746 2966; x_wconf 90' lang='lat' dir='ltr'>et</span> <span class='ocrx_word' id='word_1_159' title='bbox 761 2893 911 2993; x_wconf 82' lang='lat' dir='ltr'>gentiles</span> <span class='ocrx_word' id='word_1_160' title='bbox 929 2893 1104 2993; x_wconf 89' lang='lat' dir='ltr'>populos,</span> <span class='ocrx_word' id='word_1_161' title='bbox 1124 2920 1189 2966; x_wconf 89' lang='lat' dir='ltr'>cur</span> <span class='ocrx_word' id='word_1_162' title='bbox 1208 2894 1246 2966; x_wconf 91' lang='lat' dir='ltr'>in</span> 
     </span>
     <span class='ocr_line' id='line_1_23' title="bbox 184 3008 1247 3112; baseline 0.003 -30"><span class='ocrx_word' id='word_1_163' title='bbox 184 3008 268 3085; x_wconf 86' lang='lat' dir='ltr'>loro</span> <span class='ocrx_word' id='word_1_164' title='bbox 293 3009 397 3110; x_wconf 86' lang='lat' dir='ltr'>hujus</span> <span class='ocrx_word' id='word_1_165' title='bbox 419 3011 545 3084; x_wconf 89' lang='lat' dir='ltr'>mundi</span> <span class='ocrx_word' id='word_1_166' title='bbox 573 3011 651 3084; x_wconf 90' lang='lat' dir='ltr'>otio</span> <span class='ocrx_word' id='word_1_167' title='bbox 675 3028 866 3100; x_wconf 86' lang='lat' dir='ltr'>vacarent,</span> <span class='ocrx_word' id='word_1_168' title='bbox 894 3013 1095 3112; x_wconf 82' lang='lat' dir='ltr'>redarguit3</span> <span class='ocrx_word' id='word_1_169' title='bbox 1120 3028 1157 3086; x_wconf 91' lang='lat' dir='ltr'>et</span> <span class='ocrx_word' id='word_1_170' title='bbox 1181 3039 1247 3112; x_wconf 88' lang='lat' dir='ltr'>per</span> 
     </span>
     <span class='ocr_line' id='line_1_24' title="bbox 184 3123 1247 3227; baseline 0.003 -30"><span class='ocrx_word' id='word_1_171' title='bbox 184 3123 294 3200; x_wconf 86' lang='lat' dir='ltr'>fidem</span> <span class='ocrx_word' id='word_1_172' title='bbox 317 3125 357 3199; x_wconf 92' lang='lat' dir='ltr'>in</span> <span class='ocrx_word' id='word_1_173' title='bbox 372 3126 530 3199; x_wconf 84' lang='lat' dir='ltr'>ecclesiae</span> <span class='ocrx_word' id='word_1_174' title='bbox 553 3151 626 3198; x_wconf 84' lang='lat' dir='ltr'>suae</span> <span class='ocrx_word' id='word_1_175' title='bbox 641 3126 745 3200; x_wconf 82' lang='lat' dir='ltr'>vinea</span> <span class='ocrx_word' id='word_1_176' title='bbox 770 3127 910 3225; x_wconf 82' lang='lat' dir='ltr'>operari</span> <span class='ocrx_word' id='word_1_177' title='bbox 928 3129 1112 3227; x_wconf 80' lang='lat' dir='ltr'>proecepit.</span> <span class='ocrx_word' id='word_1_178' title='bbox 1131 3128 1247 3202; x_wconf 82' lang='lat' dir='ltr'>Aliter</span> 
     </span>
     <span class='ocr_line' id='line_1_25' title="bbox 184 3240 1247 3345; baseline 0.004 -31"><span class='ocrx_word' id='word_1_179' title='bbox 184 3242 293 3314; x_wconf 86' lang='lat' dir='ltr'>etiam</span> <span class='ocrx_word' id='word_1_180' title='bbox 303 3257 457 3340; x_wconf 85' lang='lat' dir='ltr'>possunt</span> <span class='ocrx_word' id='word_1_181' title='bbox 471 3242 690 3316; x_wconf 82' lang='lat' dir='ltr'>diversitates</span> <span class='ocrx_word' id='word_1_182' title='bbox 707 3240 879 3317; x_wconf 85' lang='lat' dir='ltr'>horarum</span> <span class='ocrx_word' id='word_1_183' title='bbox 891 3245 935 3318; x_wconf 90' lang='lat' dir='ltr'>ad</span> <span class='ocrx_word' id='word_1_184' title='bbox 952 3271 1247 3345; x_wconf 86' lang='lat' dir='ltr'>unumquemque</span> 
     </span>
     <span class='ocr_line' id='line_1_26' title="bbox 183 3357 1243 3461; baseline -0.001 -28"><span class='ocrx_word' id='word_1_185' title='bbox 183 3357 355 3459; x_wconf 82' lang='lat' dir='ltr'>distingui</span> <span class='ocrx_word' id='word_1_186' title='bbox 376 3386 442 3459; x_wconf 87' lang='lat' dir='ltr'>per</span> <span class='ocrx_word' id='word_1_187' title='bbox 459 3374 643 3434; x_wconf 86' lang='lat' dir='ltr'>momenta</span> <span class='ocrx_word' id='word_1_188' title='bbox 661 3376 823 3435; x_wconf 84' lang='lat' dir='ltr'>aetatum.</span> <span class='ocrx_word' id='word_1_189' title='bbox 847 3363 975 3452; x_wconf 89' lang='lat' dir='ltr'>Mane,</span> <span class='ocrx_word' id='word_1_190' title='bbox 997 3362 1151 3461; x_wconf 86' lang='lat' dir='ltr'>pueritia</span> <span class='ocrx_word' id='word_1_191' title='bbox 1173 3377 1243 3450; x_wconf 88' lang='lat' dir='ltr'>est;</span> 
     </span>
     <span class='ocr_line' id='line_1_27' title="bbox 184 3474 1243 3574; baseline 0 -26"><span class='ocrx_word' id='word_1_192' title='bbox 184 3476 305 3564; x_wconf 86' lang='lat' dir='ltr'>tertia,</span> <span class='ocrx_word' id='word_1_193' title='bbox 324 3474 581 3565; x_wconf 82' lang='lat' dir='ltr'>adolescentia;</span> <span class='ocrx_word' id='word_1_194' title='bbox 597 3490 707 3564; x_wconf 82' lang='lat' dir='ltr'>sexta,</span> <span class='ocrx_word' id='word_1_195' title='bbox 722 3479 891 3574; x_wconf 81' lang='lat' dir='ltr'>juventus</span> <span class='ocrx_word' id='word_1_196' title='bbox 898 3507 909 3565; x_wconf 80' lang='lat'><em>3</em></span> <span class='ocrx_word' id='word_1_197' title='bbox 930 3503 1040 3566; x_wconf 82' lang='lat' dir='ltr'>nonu,</span> <span class='ocrx_word' id='word_1_198' title='bbox 1063 3492 1224 3551; x_wconf 86' lang='lat' dir='ltr'>senectus</span> <span class='ocrx_word' id='word_1_199' title='bbox 1231 3506 1243 3566; x_wconf 66' lang='grc' dir='ltr'><strong><em>ς</em></strong></span> 
     </span>
     <span class='ocr_line' id='line_1_28' title="bbox 184 3589 1246 3692; baseline 0.001 -28"><span class='ocrx_word' id='word_1_200' title='bbox 184 3589 374 3664; x_wconf 87' lang='lat' dir='ltr'>undecima</span> <span class='ocrx_word' id='word_1_201' title='bbox 389 3607 443 3665; x_wconf 89' lang='lat' dir='ltr'>est</span> <span class='ocrx_word' id='word_1_202' title='bbox 458 3591 638 3692; x_wconf 90' lang='lat' dir='ltr'>decrepita</span> <span class='ocrx_word' id='word_1_203' title='bbox 654 3606 758 3681; x_wconf 84' lang='lat' dir='ltr'>aetas,</span> <span class='ocrx_word' id='word_1_204' title='bbox 773 3593 829 3665; x_wconf 79' lang='lat' dir='ltr'>vel</span> <span class='ocrx_word' id='word_1_205' title='bbox 845 3609 1024 3666; x_wconf 82' lang='lat' dir='ltr'>veterana.</span> <span class='ocrx_word' id='word_1_206' title='bbox 1044 3593 1088 3667; x_wconf 91' lang='lat' dir='ltr'>ln</span> <span class='ocrx_word' id='word_1_207' title='bbox 1100 3591 1154 3665; x_wconf 90' lang='lat' dir='ltr'>his</span> <span class='ocrx_word' id='word_1_208' title='bbox 1168 3618 1246 3667; x_wconf 91' lang='lat' dir='ltr'>om·</span> 
     </span>
     <span class='ocr_line' id='line_1_29' title="bbox 183 3703 1247 3808; baseline 0.004 -30"><span class='ocrx_word' id='word_1_209' title='bbox 183 3703 292 3779; x_wconf 85' lang='lat' dir='ltr'>nibus</span> <span class='ocrx_word' id='word_1_210' title='bbox 307 3707 419 3808; x_wconf 87' lang='lat' dir='ltr'>aliqui</span> <span class='ocrx_word' id='word_1_211' title='bbox 434 3707 478 3781; x_wconf 85' lang='lat' dir='ltr'>ad</span> <span class='ocrx_word' id='word_1_212' title='bbox 492 3708 764 3784; x_wconf 85' lang='lat' dir='ltr'>conversionem</span> <span class='ocrx_word' id='word_1_213' title='bbox 775 3708 1037 3807; x_wconf 89' lang='lat' dir='ltr'>perducuntur,</span> <span class='ocrx_word' id='word_1_214' title='bbox 1051 3723 1089 3782; x_wconf 88' lang='lat' dir='ltr'>et</span> <span class='ocrx_word' id='word_1_215' title='bbox 1098 3707 1247 3783; x_wconf 83' lang='lat' dir='ltr'>denario</span> 
     </span>
    </p>
   </div>
   <div class='ocr_carea' id='block_1_3' title="bbox 184 3993 1244 4269">
    <p class='ocr_par' dir='ltr' id='par_1_4' title="bbox 184 3993 1244 4269">
     <span class='ocr_line' id='line_1_30' title="bbox 214 3993 1243 4100; baseline 0.003 -24"><span class='ocrx_word' id='word_1_216' title='bbox 214 4024 255 4094; x_wconf 82' lang='lat' dir='ltr'>(r)</span> <span class='ocrx_word' id='word_1_217' title='bbox 282 4021 382 4078; x_wconf 74' lang='lat' dir='ltr'>matth.</span> <span class='ocrx_word' id='word_1_218' title='bbox 411 3993 474 4093; x_wconf 79' lang='lat' dir='ltr'>xlx,</span> <span class='ocrx_word' id='word_1_219' title='bbox 510 4023 613 4091; x_wconf 74' lang='lat'><strong>16-24;</strong></span> <span class='ocrx_word' id='word_1_220' title='bbox 638 4024 724 4079; x_wconf 77' lang='lat' dir='ltr'>Marc.</span> <span class='ocrx_word' id='word_1_221' title='bbox 762 4022 864 4100; x_wconf 74' lang='lat'>17-253</span> <span class='ocrx_word' id='word_1_222' title='bbox 890 4025 955 4079; x_wconf 89' lang='lat' dir='ltr'>Luc.</span> <span class='ocrx_word' id='word_1_223' title='bbox 982 4042 1067 4092; x_wconf 78' lang='lat' dir='ltr'>rum,</span> <span class='ocrx_word' id='word_1_224' title='bbox 1098 4022 1185 4080; x_wconf 80' lang='lat'>18-25.</span> <span class='ocrx_word' id='word_1_225' title='bbox 1211 4057 1243 4066; x_wconf 91' lang='lat'><em>-</em></span> 
     </span>
     <span class='ocr_line' id='line_1_31' title="bbox 184 4110 1244 4185; baseline 0.004 -19"><span class='ocrx_word' id='word_1_226' title='bbox 184 4110 222 4180; x_wconf 80' lang='lat'>(²)</span> <span class='ocrx_word' id='word_1_227' title='bbox 243 4111 348 4166; x_wconf 72' lang='lat' dir='ltr'>nauh.</span> <span class='ocrx_word' id='word_1_228' title='bbox 374 4129 434 4178; x_wconf 82' lang='lat' dir='ltr'>ru,</span> <span class='ocrx_word' id='word_1_229' title='bbox 457 4111 560 4179; x_wconf 79' lang='lat'><strong>25-50;</strong></span> <span class='ocrx_word' id='word_1_230' title='bbox 583 4113 667 4169; x_wconf 81' lang='lat' dir='ltr'>Marc.</span> <span class='ocrx_word' id='word_1_231' title='bbox 696 4131 733 4182; x_wconf 78' lang='grc' dir='ltr'>ι,</span> <span class='ocrx_word' id='word_1_232' title='bbox 759 4111 837 4169; x_wconf 64' lang='grc' dir='ltr'>αθδι</span> <span class='ocrx_word' id='word_1_233' title='bbox 853 4138 861 4182; x_wconf 89' lang='lat'>;</span> <span class='ocrx_word' id='word_1_234' title='bbox 885 4115 951 4169; x_wconf 86' lang='lat' dir='ltr'>Luc.</span> <span class='ocrx_word' id='word_1_235' title='bbox 980 4132 1065 4185; x_wconf 73' lang='lat' dir='ltr'>xviri,</span> <span class='ocrx_word' id='word_1_236' title='bbox 1093 4112 1185 4170; x_wconf 74' lang='lat'>26-30.</span> <span class='ocrx_word' id='word_1_237' title='bbox 1209 4145 1244 4155; x_wconf 89' lang='lat'>-</span> 
     </span>
     <span class='ocr_line' id='line_1_32' title="bbox 184 4195 490 4269; baseline 0 -16"><span class='ocrx_word' id='word_1_238' title='bbox 184 4195 222 4268; x_wconf 80' lang='lat'>(3)</span> <span class='ocrx_word' id='word_1_239' title='bbox 234 4199 337 4256; x_wconf 76' lang='lat' dir='ltr'>natth.</span> <span class='ocrx_word' id='word_1_240' title='bbox 351 4217 399 4269; x_wconf 81' lang='lat' dir='ltr'>rx,</span> <span class='ocrx_word' id='word_1_241' title='bbox 416 4200 490 4255; x_wconf 80' lang='lat'>1-16.</span> 
     </span>
    </p>
   </div>
   <div class='ocr_carea' id='block_1_4' title="bbox 0 0 1452 4958">
    <p class='ocr_par' dir='ltr' id='par_1_5' title="bbox 0 0 1452 4958">
     <span class='ocr_line' id='line_1_33' title="bbox 0 0 1452 4958; baseline 0 1"><span class='ocrx_word' id='word_1_242' title='bbox 0 0 1452 4958; x_wconf 95' lang='lat' dir='ltr'> </span> 
     </span>
    </p>
   </div>
  </div>
 </body>
</html>
