2894 4958
566 403 683 465 menn
704 371 861 466 annus.
1212 408 1254 468 ss

182 527 309 597 littore
327 521 569 598 comederunt.
590 525 726 599 Octavo
745 526 782 597 in
797 521 923 597 inonte
944 523 1101 598 Gatitaeae
1123 552 1255 600 secun-

183 640 274 714 dum
286 639 519 727 Matthaeum,
538 640 601 713 ubi
619 640 780 715 videntes
796 668 880 714 eum
891 639 1150 730 adoraverunt,
1169 643 1254 742 qui-

183 757 270 831 dam
280 752 401 831 autem
413 757 685 831 dubitaverunt.
703 760 808 831 Tunc
822 760 874 831 ait
884 758 954 831 illis
966 787 975 829 :
989 760 1091 831 Data
1102 776 1154 833 est
1168 759 1257 831 nubi

185 879 303 948 omnis
324 892 488 977 potestas
515 878 553 947 in
583 876 675 948 coelo
699 892 733 948 et
761 879 798 947 in
829 894 936 948 terro.
965 879 1106 950 Euntes
1132 877 1258 949 docete

186 1020 311 1067 omnes
336 1009 483 1093 gentes,
512 993 737 1094 baptizantes
760 1020 820 1066 eos
847 995 886 1066 in
906 995 1052 1066 nomine
1074 995 1199 1065 Potn's
1224 1011 1257 1064 et

186 1110 285 1182 Filii
302 1125 337 1182 et
351 1109 510 1210 Spiritus
529 1109 687 1197 Soneti;
709 1110 877 1186 docentes
897 1139 958 1185 eos
977 1138 1119 1186 servare
1134 1113 1257 1183 omnio

186 1252 427 1327 quincumque
451 1226 628 1300 mandavi
651 1227 768 1300 vobis.
791 1230 844 1300 Et
868 1256 951 1302 eece
978 1255 1045 1326 ego
1070 1229 1259 1302 uobiscum

188 1343 357 1418 omnibus
381 1343 509 1417 diebus
536 1372 649 1444 usque
671 1345 727 1418 ad
751 1351 1096 1421 consummationem
1115 1349 1256 1420 saeeuli.

187 1459 316 1548 Nono,
333 1457 431 1558 quod
450 1465 590 1532 Marcus
614 1459 704 1533 dicit
723 1491 732 1531 :
751 1461 956 1535 Nouissime
978 1462 1259 1534 recumbentibus

189 1579 368 1678 apparuit
377 1579 484 1650 lesus
494 1636 507 1668 ,
527 1594 561 1650 et
574 1578 1015 1652 incredulitatemiliorum
1029 1580 1261 1681 exprobrabit

189 1695 412 1768 durioribus.
426 1693 509 1768 ldeo
519 1694 653 1767 dicitur
664 1694 875 1785 novissime,
890 1697 973 1794 quia
979 1698 1053 1793 jam
1064 1721 1139 1768 non
1154 1710 1259 1768 erant

191 1811 231 1882 in
247 1825 342 1883 terra
361 1838 442 1886 cum
456 1811 519 1886 illo
533 1814 770 1914 convivaturi.
787 1812 953 1897 Decimo,
967 1814 1004 1885 in
1024 1814 1101 1912 ipso
1111 1813 1170 1887 die
1183 1838 1258 1886 non

184 1930 262 2024 jam
278 1928 316 1999 in
335 1941 428 2001 terra
440 1982 451 2018 ,
465 1927 525 2001 sed
534 1928 709 2002 elevatum
728 1930 765 2002 in
783 1927 881 2002 nube
897 1929 1062 2028 discipuli
1075 1926 1258 2015 viderunt,

192 2070 277 2116 eum
293 2046 329 2116 in
346 2047 482 2117 eoelum
494 2046 675 2134 ascendit;
695 2044 793 2147 quod
810 2046 953 2119 Marcus
971 2062 1009 2119 et
1027 2048 1140 2117 Lucas
1158 2061 1261 2118 com-

191 2177 411 2234 memorant.
429 2163 579 2237 Totiens
594 2189 681 2263 ergo
696 2164 733 2235 in
747 2163 967 2263 Evangelicis
982 2161 1085 2235 libris
1101 2186 1262 2236 comme-

191 2297 354 2354 moratus
367 2295 420 2354 est
431 2281 525 2352 visus
541 2279 587 2352 ab
611 2279 819 2354 hominibus
840 2295 1033 2380 antequam
1050 2277 1263 2352 ascendisset

194 2396 232 2470 in
250 2396 413 2470 coelum:
435 2397 472 2469 in
490 2413 585 2470 terra
605 2396 741 2471 scilicet
759 2398 901 2485 novies,
927 2411 964 2471 et
986 2397 1025 2469 in
1048 2421 1129 2469 aere
1154 2394 1263 2467 semel

149 2540 152 2547 ’
193 2513 399 2588 ascendens.
420 2514 489 2588 Sed
501 2541 576 2589 non
594 2515 715 2589 omnia
733 2516 866 2613 scripta
878 2531 984 2603 sunt,
1002 2513 1262 2588 sicutioannes

193 2630 296 2704 dicit.
313 2631 445 2705 Crebra
456 2635 555 2707 enim
574 2649 651 2707 erat
668 2637 742 2733 ejus
756 2660 839 2706 cum
863 2633 932 2705 illis
951 2632 1176 2706 conversatio
1198 2655 1263 2729 per

194 2745 270 2820 dies
287 2773 334 2819 xr,
350 2750 558 2851 priusquam
575 2749 786 2824 ascendisset
802 2751 840 2823 in
866 2749 1026 2839 coelum3
1047 2774 1123 2822 non
1142 2764 1261 2820 tamen
1381 2750 1385 2759 '

195 2865 246 2936 eis
258 2891 326 2964 per
342 2892 468 2941 omnes
480 2894 523 2939 η
536 2867 729 2942 continuos
748 2866 823 2941 dies
839 2880 1062 2968 apparuerat.
1075 2865 1167 2939 Nam
1181 2879 1264 2963 post

197 2981 355 3080 primum
373 2981 467 3055 diem
479 2983 752 3057 resurrectionis
764 2986 859 3082 ejus,
872 2983 959 3057 alios
972 2996 1056 3056 octo
1065 2979 1140 3055 dies
1154 2981 1266 3053 inter·

196 3098 335 3170 venisse
349 3098 437 3170 dicit
456 3101 634 3188 Joannes3
654 3115 737 3200 post
754 3126 845 3200 quos
862 3101 911 3173 eis
939 3123 1064 3170 rursus
1085 3097 1263 3195 apparuit.

198 3214 256 3286 Sic
273 3241 339 3313 per
355 3215 435 3291 illos
452 3241 497 3288 xa
509 3215 583 3289 dies
595 3218 763 3317 quotiens
776 3217 893 3290 voluit
906 3270 916 3302 ‚
928 3214 1060 3317 quibus
1072 3213 1192 3287 voluit
1202 3267 1212 3299 ‚
1228 3229 1265 3285 et

198 3330 501 3432 quemadmodum
526 3332 659 3421 voluit,
679 3359 870 3432 apparens,
901 3330 1009 3405 fidem
1032 3331 1068 3403 in
1097 3328 1166 3400 illis
1193 3355 1267 3401 suae

199 3451 474 3525 resurrectionis
491 3450 749 3548 confirmavit(
775 3453 802 3546 ).

247 3566 338 3638 XX.
364 3566 456 3639 Duas
470 3565 644 3666 siquidem
658 3566 801 3638 ultimas
817 3566 1057 3664 apparitiones
1069 3564 1210 3636 Marcus
1227 3577 1265 3635 et

201 3685 312 3754 Lucas
321 3698 607 3757 commemorant
616 3736 628 3770 ,
648 3697 684 3755 et
700 3707 739 3754 ea
753 3707 836 3783 quaa
851 3680 900 3753 ibi
918 3680 1010 3753 dicta
1029 3681 1085 3752 vel
1099 3693 1177 3752 aeta
1188 3678 1267 3752 fue-

202 3814 296 3873 rant.
312 3799 516 3872 Secundum
533 3800 718 3887 Marcum,
737 3798 907 3871 duritiam
923 3797 1040 3872 cordis
1060 3794 1267 3870 incredulo-

236 4093 274 4161 (ι)
293 4091 392 4146 Matth.
416 4108 524 4160 xxvns,
547 4092 641 4159 sii-203
662 4095 745 4149 Marc.
767 4111 829 4160 xvt,
854 4096 950 4160 ¹2·¹b;
973 4092 1037 4147 Luc.
1060 4108 1141 4155 xxiv,
1168 4085 1267 4161 13-493

204 4179 363 4249 Joannmr,
382 4176 549 4257 ιςὶηιμα.
653 4235 654 4239 ,
