2894 4958
184 400 247 463 252
460 398 654 462 msromu·
667 397 970 463 ecciesiasticis.

187 519 291 594 illum
311 519 470 620 excepit,
496 521 681 595 Simonem
699 547 788 596 vero
802 548 888 595 cum
906 520 1082 598 dedooore
1097 521 1247 624 expniit.

186 636 292 709 Canis
323 651 444 711 autem
475 633 627 710 blondus
651 635 829 711 omnibus
857 638 1106 728 efferunt,
1134 637 1249 713 solum

187 779 275 828 vero
303 753 488 829 Simonem
511 770 716 854 persecutus
746 768 813 828 est.
845 754 963 849 Quem
991 780 1077 829 oum
1099 755 1251 830 misisset

77 864 81 872 ’
187 870 323 946 subtus.
341 898 404 962 se,
425 887 604 946 emente
628 875 738 947 Petro
766 887 804 947 et
830 873 1006 948 clamante
1028 874 1250 977 :Praecipio

186 988 255 1062 tibi
277 991 317 1062 in
341 989 488 1062 nomine
509 989 664 1062 Domini
689 989 806 1062 nostri
826 989 920 1062 Jesu
940 987 1099 1078 Christi,
1120 1005 1164 1062 ut
1183 1014 1250 1063 mn

173 1107 283 1205 figas
314 1131 472 1178 nrorsum
503 1112 542 1178 in
571 1104 739 1206 aliquam
765 1120 910 1207 portem
943 1107 1109 1206 eorporis
1142 1106 1223 1207 ejus
1233 1160 1247 1196 ,

186 1222 331 1296 nullum
360 1219 509 1322 quidem
533 1218 738 1295 membrum
766 1225 841 1322 ejus
869 1220 1081 1320 oontingere
1105 1218 1248 1322 pulit,

188 1335 249 1411 sed
268 1336 317 1409 ita
338 1332 518 1412 morsibus
534 1337 744 1410 vestimenta
761 1338 836 1435 ejus
854 1334 1143 1425 attrectavit,.nt
1157 1332 1248 1410 nolis

188 1481 270 1555 pars
301 1453 464 1553 corporis
498 1455 582 1554 ejus.
600 1467 693 1526 tecta
725 1468 940 1527 remaneret.
970 1451 1100 1526 Omnis
1134 1465 1249 1527 anun

187 1569 359 1669 populus,
380 1583 418 1643 et
432 1568 614 1669 praecipue
629 1569 732 1668 pueri
748 1583 831 1668 post
842 1594 926 1642 eum
937 1567 1055 1641 simul.
1066 1593 1157 1641 oum
1170 1592 1251 1640 enne

188 1699 448 1778 cucurrerunt,
466 1712 620 1788 eumque
642 1712 726 1759 cum
745 1686 885 1759 ululatu
903 1686 1003 1787 qnasi
1022 1685 1157 1784 lupum
1178 1710 1251 1758 mn·

189 1831 250 1880 ros
266 1804 420 1878 civitatis
440 1806 635 1903 ejecerunt.
658 1803 723 1878 llle
738 1829 825 1879 vero
839 1801 942 1903 hujus
955 1801 1107 1903 pudoris
1120 1824 1250 1902 oppio

185 1922 310 1997 brium
324 1949 401 1997 non
417 1921 556 2015 ferens,
578 1948 644 2023 per
666 1947 781 1995 unum
798 1949 936 1996 annum
954 1946 1139 2023 nusquam
1153 1944 1254 1996 oom-

187 2040 321 2140 poruit.
344 2042 469 2114 Postea
494 2038 633 2114 Neroni
657 2037 999 2130 Caesariinnotuit,
1025 2033 1253 2137 hominisque

189 2156 336 2258 maligni
344 2156 516 2230 ¹amicitiis
528 2158 631 2256 pejor
646 2156 800 2255 pessimo
816 2155 1004 2254 copulatus
1020 2150 1183 2228 inhesit.

237 2273 563 2375 Appropinqnonte
579 2273 737 2349 termino
751 2272 938 2372 apostolici
953 2271 1183 2359 certaminis,
1196 2296 1253 2371 ap-

189 2388 311 2488 paruit
323 2389 502 2462 Dominus
512 2387 623 2463 Petro
637 2387 802 2488 apostolo
818 2415 884 2489 per
895 2388 1095 2476 visionem,
1108 2386 1251 2463 disens:

67 2546 70 2553 ·
191 2503 321 2578 Simon
345 2520 380 2576 et
399 2503 499 2579 Nero
523 2503 628 2606 pleni
648 2502 842 2578 άωηιοηίιζν
869 2504 1060 2578 adrentum
1084 2518 1122 2577 te
1149 2500 1254 2602 0083·

190 2635 280 2693 tant.
312 2619 405 2694 Noli
430 2620 575 2711 timere,
603 2606 692 2721 quio
722 2635 838 2695 woum
869 2645 938 2719 ego
965 2644 1068 2710 sunt,
1096 2633 1134 2689 et
1161 2614 1255 2689 dabo

190 2735 265 2808 tibi.
273 2736 435 2839 apostoli
446 2736 564 2810 Pauli
577 2737 768 2828 solatium,
788 2738 946 2837 quiores
959 2737 1256 2836 Romamiugre-

191 2856 322 2928 dietat.
356 2857 450 2928 Cum
474 2881 560 2957 quo.
565 2872 664 2959 post.
679 2872 814 2957 septem
838 2880 980 2927 naereses
1004 2852 1125 2927 simul.
1141 2849 1255 2925 trahe-

192 2971 400 3045 bissonum
430 2971 614 3046 Sinwuem
641 2971 787 3045 bellum.
819 2973 871 3043 Et
894 2987 1091 3072 postquam
1120 2967 1256 3042 uiceri-

193 3091 240 3162 ris
262 3105 297 3161 et
322 3089 522 3190 dejeceritis
549 3116 632 3163 eum
659 3104 694 3162 et
721 3088 960 3191 deposueritis
985 3088 1025 3158 in
1050 3081 1255 3184 irfiemuon

193 3207 304 3279 simui
324 3206 379 3280 od
403 3233 461 3279 me
484 3207 606 3280 untho.
619 3207 772 3280 venietis
795 3208 963 3280 uictores.
984 3201 1094 3299 Quod
1116 3219 1158 3277 et
1183 3201 1260 3277 soo-

197 3338 275 3396 tum
298 3337 365 3396 est.
393 3323 485 3410 Nam
511 3323 578 3396 alio
599 3321 658 3395 die
681 3323 782 3395 venit
804 3321 947 3394 Paulus.
972 3319 1054 3414 Quo
1079 3319 1261 3393 ordinese

193 3439 383 3530 viderunt,
402 3454 438 3513 et
456 3456 542 3540 post
558 3463 609 3512 vn
627 3464 765 3512 menses
782 3463 865 3510 cum
882 3435 1261 3510 Simoneconflietom

196 3555 418 3647 habuerunt,
437 3573 580 3631 sanctus
600 3557 711 3630 Linus
727 3583 816 3655 papa
834 3555 1038 3642 enarravit,
1059 3567 1097 3628 et
1116 3576 1262 3628 omnem

197 3687 337 3747 textum
363 3676 536 3774 passionis
561 3700 688 3750 eorum
713 3699 833 3774 graeco
857 3671 1085 3748 sermonead
1102 3671 1263 3746 ecclesias

197 3792 386 3866 orientales
411 3794 554 3893 scripsit
575 3794 647 3892 (1)
668 3792 783 3881 inde,
799 3792 892 3864 sicut
913 3792 1001 3865 olim
1025 3790 1144 3889 coepi,
1164 3812 1262 3891 que·

232 4084 270 4153 (ι)
289 4082 312 4137 11
326 4083 404 4156 s‘agit
419 4085 453 4137 ici
466 4084 500 4137 do
512 4084 600 4139 l'ocrit
614 4082 800 4156 pseudonymo
812 4082 923 4137 intituli
943 4107 946 4134 :
965 4082 1000 4136 D.
1021 4079 1087 4134 Lini
1102 4078 1260 4151 pontificum

203 4171 313 4227 caecandi
325 4171 359 4226 de
380 4175 424 4226 suri
441 4173 653 4243 praesto-essoris
672 4174 707 4226 0.
730 4173 807 4227 Petri
822 4172 941 4244 apostoli
957 4171 1087 4240 passione
1107 4166 1257 4222 libellas...-
