2894 4958
188 485 249 544 360
466 479 650 541 HISTORIA
670 478 974 541 EchEslasTlca.

188 604 251 691 sit,
272 627 341 701 qun
366 600 477 672 Filius
498 601 562 674 Dei
586 599 630 673 ad
656 599 839 673 dexteram
865 601 979 672 Patris
1005 600 1044 672 in
1070 619 1243 703 assumpto

186 717 334 791 homine
351 716 508 790 ascendit
517 771 528 805 ,
546 715 740 790 adventum
756 740 902 818 quoque
918 717 1074 817 Spiritus
1088 720 1244 793 Paraeliti

186 861 293 934 super
315 834 495 934 apostolos
514 835 552 905 in
572 834 681 933 igneis
706 833 837 933 linguis
854 835 1052 927 enarravit,
1076 861 1153 935 qno
1174 837 1246 936 pri-

186 954 310 1025 mitiva
328 953 483 1027 Ecclesia
503 952 676 1024 illustrata
698 950 852 1050 gloriose
875 951 1104 1051 splendescit.
1131 955 1175 1026 ln
1201 954 1248 1028 his

185 1066 327 1142 duobus
339 1066 441 1140 libris
458 1069 564 1140 Lucae
581 1064 775 1166 spiritualis
791 1064 959 1138 archiatri
974 1091 1059 1140 vera
1079 1067 1246 1143 medicina

186 1185 384 1272 invenitur,
406 1210 475 1283 qua
499 1182 645 1256 lethales
670 1180 790 1257 morbi
813 1197 1044 1281 peccatorum
1064 1182 1248 1282 depellun-

187 1319 261 1391 tur,
281 1316 318 1374 et
334 1301 450 1373 vitalis
463 1301 614 1399 justitiae
638 1299 838 1374 remedium
853 1301 913 1402 pie
928 1299 1180 1400 quaerentibus
1196 1303 1249 1375 in-

185 1418 337 1518 geritur.
357 1416 507 1514 Scriptis
534 1417 653 1515 itaque
674 1430 711 1488 et
728 1415 878 1516 eloquiis
899 1413 1024 1488 beatus
1047 1418 1164 1489 Lucas
1185 1419 1248 1490 Do-

186 1533 327 1604 minum
353 1531 578 1621 enuntiavit,
605 1545 640 1602 et
671 1531 795 1603 lumen
820 1530 979 1603 veritatis
1004 1529 1249 1631 ignorantibus

185 1650 378 1723 intimavit.
411 1651 511 1721 lnter
536 1664 664 1722 caetera
692 1648 864 1720 miracula
892 1674 974 1748 quae
998 1646 1109 1743 fecit,
1141 1648 1248 1723 fertur

186 1767 285 1868 quod
297 1783 485 1839 mortuum
498 1766 536 1838 in
551 1764 699 1841 nomine
713 1765 860 1839 Domini
873 1765 1153 1839 resuscitaverit.
1167 1766 1248 1837 'l'an

185 1885 267 1956 dem
290 1908 372 1954 cum
395 1879 578 1980 octoginta
604 1895 641 1954 et
658 1880 769 1953 trium
793 1895 883 1954 esset
902 1906 1106 1971 annorum,
1127 1881 1167 1952 in
1191 1880 1248 1952 Bi-

187 2000 313 2101 thynia
325 2000 463 2100 Spiritu
476 1999 610 2071 Sancto
621 1997 748 2098 plenus
759 2013 823 2071 xv⁰
833 1999 903 2070 hal.
919 1996 1131 2072 novembris
1143 1996 1246 2085 obiit3

187 2120 288 2214 cujus
316 2143 394 2191 ossa
417 2143 499 2189 cum
516 2113 654 2188 ossibus
672 2115 784 2188 sancti
802 2115 954 2188 Andreae
971 2114 1126 2213 apostoli
1148 2132 1186 2189 et
1197 2114 1250 2186 Ti·

186 2233 323 2307 mothei
341 2231 505 2330 discipuli
524 2232 621 2304 Pauli
638 2232 810 2331 apostoli,
831 2243 896 2303 xx⁰
913 2231 1114 2305 Constantii
1141 2233 1248 2331 impe·

187 2350 318 2423 ratoris
328 2373 438 2439 anno,
455 2347 810 2446 Constantinopolim
821 2353 888 2421 νιιο
900 2347 977 2420 idus
990 2349 1074 2420 maii
1089 2348 1249 2420 translata

188 2469 305 2565 sunt(
331 2468 362 2563 ).

236 2582 357 2654 XVll.
373 2582 464 2654 Ecce
480 2598 688 2655 sanctorum
701 2581 949 2682 apostolorum
964 2598 1001 2654 et
1013 2581 1248 2680 Evangelistu·

187 2727 289 2788 rum,
309 2700 371 2800 qui
390 2700 552 2773 convivae
571 2700 763 2774 Salvatoris
777 2700 927 2773 fuerunt
944 2715 981 2772 et
1001 2699 1108 2787 socii,
1132 2697 1247 2771 eodem

186 2817 345 2890 Domino
368 2817 540 2916 largiente
559 2820 750 2916 juvamen,
770 2817 996 2890 mentionem
1013 2813 1175 2889 libenter
1184 2818 1249 2914 jam

186 2933 276 3021 feci;
297 2949 472 3008 eteorum
490 2934 548 3034 pia
566 2949 683 3034 gesta,
699 2948 811 3033 prout
827 2932 951 3032 potui,
973 2930 1135 3004 breviter
1153 2946 1251 3030 atque

188 3052 361 3124 veraciter
383 3050 428 3124 de
453 3052 601 3125 diversis
629 3049 811 3125 codicibus
838 3050 985 3150 collegi,
1015 3065 1051 3122 et
1078 3049 1117 3120 in
1145 3072 1250 3121 unum

187 3167 276 3239 mihi
296 3169 468 3267 congessi.
488 3167 615 3240 Adhuc
638 3184 748 3241 restat
768 3184 810 3240 ut
826 3166 871 3241 de
891 3166 997 3241 beato
1021 3166 1179 3238 Martiali
1197 3168 1251 3238 Le·

188 3286 382 3359 movicensi
411 3285 549 3385 aliquid
568 3312 786 3373 memorem;
815 3287 878 3385 qui
902 3283 1094 3383 praecipuis
1119 3283 1251 3382 pollens

186 3398 383 3472 virtutibus
401 3401 497 3475 inter
517 3401 692 3474 maximos
713 3398 867 3472 habetur
885 3415 967 3498 post
986 3398 1170 3497 apostolos
1185 3397 1252 3470 cla-

187 3517 360 3589 rissimus.
385 3516 499 3588 Multa
517 3517 663 3617 quidem
685 3517 729 3589 de
753 3516 817 3589 illo
840 3516 1075 3604 Aurelianus,
1103 3542 1211 3617 quem
1235 3540 1251 3584 a

189 3633 342 3705 mortuis
355 3633 392 3705 in
406 3633 555 3706 nomine
568 3633 715 3706 Domini
734 3632 1024 3719 resuscitaverat,
1044 3634 1163 3704 veraci
1176 3629 1253 3702 stilo

223 3887 263 3955 (ι)
280 3885 354 3941 C‘est
366 3905 419 3941 une
431 3890 546 3962 opinion
560 3908 642 3963 reone
654 3888 722 3943 dans
738 3876 861 3959 l‘Eglise‚
876 3906 931 3961 que
944 3888 1015 3941 saint
1027 3887 1086 3945 Luc
1098 3905 1113 3940 a
1127 3886 1198 3941 ecrit
1207 3901 1252 3938 son

190 3964 320 4048 Evangile
332 3975 455 4047 pendant
465 3978 532 4050 qu'il
542 3981 609 4034 etait
618 3998 653 4033 en
667 3980 774 4045 Grece,
788 3990 817 4033 et
826 3997 886 4033 vers
895 3977 948 4031 l'an
961 3975 997 4032 53
1009 3976 1045 4031 de
1054 3975 1250 4034 lesus-Christ.

189 4063 214 4119 ll
227 4081 262 4117 ne
276 4072 390 4117 mourut
402 4080 449 4135 pas
460 4082 495 4118 en
508 4065 654 4140 Bithynia,
668 4086 776 4122 comme
789 4085 826 4122 on
840 4065 865 4120 le
878 4066 920 4121 dit
932 4067 982 4134 ici,
1004 4067 1074 4120 mais
1086 4084 1122 4120 en
1135 4064 1250 4125 Achate,

190 4163 219 4208 et
231 4152 372 4226 peut-stre
383 4154 399 4206 h
410 4152 518 4222 Patras,
534 4154 602 4210 dans
613 4176 652 4211 nn
663 4158 714 4230 alge
730 4148 786 4212 ties
801 4160 910 4217 avenes.
930 4159 967 4212 La
985 4155 1150 4213 translation
1168 4154 1204 4209 de
1215 4169 1253 4207 ses

190 4239 308 4312 reliques
320 4242 337 4297 t
349 4238 577 4315 Comuntinople
589 4254 638 4301 eut
649 4244 706 4301 lieu
719 4245 745 4300 le
757 4243 774 4302 5
786 4263 860 4302 mars
871 4242 933 4319 557.
