2916 4958
236 366 275 431 38
510 364 692 430 HISTORIA
714 365 1017 432 Eccnmtastlclt.

283 487 336 563 X.
362 486 597 576 Praeteriens,
619 487 804 564 hominem
827 516 847 561 a
874 488 1059 565 nativitate
1085 510 1220 564 caeoum
1238 490 1298 565 vi·-

234 604 307 695 dit,
328 604 366 677 in
388 618 519 679 terram
537 605 678 704 expuit,
697 604 817 681 lutum
831 632 874 680 ex
891 621 998 706 sputo
1013 603 1121 695 fecit,
1135 622 1173 680 et
1189 632 1298 708 super

233 720 357 797 oculos
375 724 450 820 ejus
465 721 568 811 livit,
586 722 691 823 eique
712 722 805 796 dixit
828 753 837 795 a
859 724 902 795 V
897 722 988 813 ada,
1013 722 1098 797 lava
1120 725 1159 795 in
1183 741 1299 799 nata-

232 837 328 912 toria
343 835 454 910 Siloa.
474 834 576 911 Abiit
598 863 684 939 ergo
706 852 743 912 et
765 837 870 925 lavit,
890 851 926 913 et
945 837 1045 913 venit
1062 837 1197 915 videns.
1218 840 1297 915 Hoc

231 951 379 1028 sabbato
396 951 532 1029 factum
549 970 622 1045 est,
642 952 739 1030 unde
757 957 853 1032 iuter
870 954 1013 1032 Judaeos
1028 955 1153 1057 iugens
1169 959 1296 1033 scisma

231 1086 398 1148 exortum
429 1087 494 1147 est.
523 1072 748 1148 llluminatus
776 1072 1012 1150 illuminatori
1039 1099 1106 1149 suo
1133 1075 1297 1151 testimo-
1431 1090 1433 1094 ‘

230 1187 332 1261 nium
349 1185 562 1288 perhibens,
581 1188 626 1264 de
640 1214 819 1290 synagoga
832 1193 963 1290 ejectus
978 1204 1032 1264 est
1040 1219 1053 1280 3
1072 1189 1134 1266 sed
1150 1189 1294 1280 abillo,

229 1330 339 1405 quem
353 1307 486 1383 merito
502 1300 661 1396 amabat,
684 1307 848 1408 oognitus
864 1320 902 1381 et
917 1320 1080 1407 receptus
1100 1323 1168 1382 eat.
1186 1309 1296 1381 Tune

227 1422 327 1498 Jesns
354 1421 520 1498 tractavit
541 1420 700 1505 deontio
726 1441 763 1500 et
787 1423 873 1498 ovili
899 1442 936 1500 et
960 1422 1110 1514 ovibus,
1129 1423 1294 1501 debono

227 1550 371 1634 pastore
384 1552 421 1612 et
434 1538 672 1614 mercenario.
691 1536 811 1613 Verba
822 1541 896 1637 ejus
911 1539 1017 1614 multi
1035 1554 1291 1640 susceperunt,

227 1667 265 1727 et
279 1652 401 1753 plures
417 1669 581 1730 econtra
597 1681 785 1756 perperam
802 1656 1051 1756 respuerunt(
1075 1657 1106 1755 ).

275 1773 445 1872 Qressus
463 1772 547 1853 inde
561 1774 662 1850 Jesus
675 1773 816 1853 secessit
838 1775 876 1850 in
891 1782 1010 1873 partas
1028 1773 1120 1874 'l'yri
1138 1787 1175 1847 et
1187 1770 1294 1849 Sido·

226 1889 284 1962 nis
293 1941 305 1978 ,
325 1887 448 1991 ibique
466 1891 650 1967 amuliere
667 1890 866 1966 Chananoea
890 1889 1138 1990 interpellatus
1154 1904 1208 1965 est
1222 1913 1294 1988 pro

225 2004 300 2079 filia
320 2005 561 2098 daemoniaca,
581 2006 748 2108 precibus
767 2007 904 2082 miultis.
929 2005 962 2080 A
984 2005 1167 2105 discipulis
1185 2005 1294 2083 etiam

225 2139 385 2223 rogatus,
397 2139 480 2224 post
492 2124 753 2226 aliquantulam
764 2123 1011 2199 difficultatem
1020 2121 1220 2225 adquievit,
1235 2136 1292 2210 et,

226 2238 368 2315 laudata
391 2241 517 2314 matris
539 2240 609 2317 fide
633 2255 670 2319 et
691 2239 914 2331 humilitate,
941 2240 1052 2317 filiam
1075 2239 1294 2316 adremonio

227 2353 394 2431 liberavit
406 2359 478 2457 (2)

274 2474 409 2549 Exiens
426 2474 471 2548 de
492 2473 626 2551 finibus
644 2477 736 2577 Tyri
755 2477 967 2579 metropolis
983 2475 1291 2564 chananeorum,

224 2588 325 2665 venit
338 2615 403 2688 per
415 2587 587 2665 Sidonem
602 2590 786 2668 Phoenicis
799 2587 930 2668 urbem
941 2590 986 2665 ad
998 2616 1096 2667 mare
1111 2587 1292 2677 Galilaeoe,

227 2705 324 2779 inter
344 2705 480 2782 medios
494 2707 584 2782 fines
600 2709 830 2807 Decapoleos.
855 2708 910 2782 lbi
932 2707 1082 2782 surdum
1097 2722 1136 2783 et
1150 2721 1294 2781 mutum

162 2827 165 2835 '
224 2817 393 2894 deturba
412 2846 574 2895 seorsum
587 2820 845 2922 apprehendit,
863 2821 1066 2921 digitosque
1082 2846 1167 2897 suos
1178 2822 1218 2894 in
1231 2847 1294 2896 au·

224 2936 354 3013 riculae
372 2941 446 3037 ejus
469 2938 590 3026 misit;
616 2954 654 3014 et
673 2965 850 3041 expuens,
876 2939 1037 3039 linguam
1061 2941 1136 3039 ejus
1159 2939 1292 3039 tetigit.

224 3053 425 3155 suspiciens
453 3069 573 3129 autem
601 3057 638 3129 in
665 3055 820 3146 coelum,
848 3056 1025 3156 ingemuit
1056 3069 1093 3131 et
1118 3056 1170 3129 ait
1197 3057 1249 3130 illi
1277 3087 1287 3128 ε

223 3169 391 3272 Ephous,
406 3170 505 3272 quod
517 3186 570 3247 est
581 3171 787 3275 adaperire.
802 3171 932 3246 Statim
944 3186 1078 3272 apertae
1089 3186 1175 3247 sunt
1187 3198 1291 3248 antes

222 3287 297 3386 ejus
320 3301 357 3361 et
381 3286 542 3362 solutum
569 3302 623 3363 est
643 3286 825 3362 vinculum
850 3285 987 3388 linguae
1007 3291 1082 3387 ejus
1105 3301 1143 3362 et
1157 3285 1291 3389 loquo-

222 3400 330 3481 batur
346 3418 457 3478 recte.
482 3406 531 3479 Et
551 3404 673 3480 mirati
690 3419 776 3479 sunt
796 3403 859 3505 qui
881 3419 1082 3494 noverunt,
1099 3402 1257 3480 dieentes
1277 3434 1288 3478 a

219 3519 322 3594 Bene
333 3521 459 3595 omnia
462 3517 561 3620 facit
568 3554 586 3610 ,·
600 3537 634 3594 et
642 3520 772 3596 surdos
773 3520 874 3618 ficit
885 3515 1033 3611 audire,
1052 3534 1087 3594 at
1098 3534 1217 3596 mutos
1235 3518 1289 3595 lo·

222 3638 317 3736 aui(
341 3637 372 3735 )·

270 3753 378 3830 Sanus
398 3781 497 3830 mare
513 3754 671 3830 Galilaeae
692 3756 858 3847 veniens,
884 3755 923 3828 in
948 3769 1113 3830 montem
1130 3753 1289 3828 asoendit
1416 3748 1432 3776 '

252 4043 291 4113 (¹)
307 4043 405 4099 lom·
425 4062 466 4112 ¹¹,
486 4033 1285 4117 13¹,21.-(a)llatth.rv,21·28;tlarc.vu,al·3o.

171 4144 174 4148 ’
217 4129 396 4201 *fimare
412 4129 574 4207 v11,31-37.
