2894 4958
538 400 655 464 tutu
674 397 884 463 SECUNDUS.
1182 399 1243 460 399

182 526 321 632 populo
331 538 501 624 poscente
510 520 728 622 presbytera
739 532 863 591 sancto
873 513 1069 589 Melchiade
1077 515 1245 617 episcopo

184 645 373 721 ordinatus
384 655 458 730 est3
474 664 549 741 quo
560 639 736 740 migrante
747 633 1147 709 Silvesterabomnibus
1156 661 1246 736 papa

186 760 417 838 concorditer
431 758 564 833 electus
580 772 645 831 est.
665 756 813 830 Cunctis
825 752 1019 827 virtutibus
1035 754 1109 854 ipse
1121 754 1246 827 rutila·

185 878 276 969 bat,
306 878 509 977 meritoque
537 874 733 949 sanctitatis
765 869 934 947 omnibus
963 871 1059 947 idem
1088 874 1248 972 compla-

188 995 305 1071 cebet.

237 1108 408 1182 lmmanis
424 1121 500 1182 erat
515 1106 624 1180 maon
640 1105 679 1178 in
695 1118 820 1180 monte
837 1105 1011 1204 Tarpeio,
1031 1103 1070 1178 in
1085 1129 1160 1206 qsso
1180 1105 1249 1177 Ga·

188 1226 362 1328 pitolinm
376 1239 430 1300 est
443 1224 681 1313 collocatum,
693 1222 738 1295 ad
750 1248 858 1321 quem
870 1221 963 1322 magi
977 1247 1060 1294 cum
1074 1221 1250 1324 sacrilegis

189 1339 391 1444 virginibus
414 1340 522 1416 semel
547 1341 585 1412 in
608 1362 730 1412 mense
754 1364 839 1410 cum
863 1338 1042 1412 sacrificiis
1069 1354 1105 1413 et
1130 1338 1252 1412 lustris

190 1456 454 1539 descendebant
465 1481 604 1531 cccuxv
617 1454 783 1557 gradibus
797 1457 896 1556 quasi
913 1454 958 1528 ad
973 1454 1170 1531 infernum.
1185 1457 1252 1529 llic

192 1573 443 1672 eximproviso
452 1569 662 1647 ascendebat
668 1585 727 1663 ‚et
737 1571 821 1645 licet
829 1595 905 1644 non
915 1570 1156 1672 egrederetur,
1169 1571 1254 1644 viei-

193 1713 286 1763 num
304 1702 426 1762 tamen
444 1712 563 1762 aerem
585 1686 675 1760 flatu
692 1711 759 1758 suo
775 1683 943 1775 vitiabat,
961 1711 1037 1787 quo
1055 1687 1255 1762 mortalitas

195 1801 385 1877 hominum
407 1806 444 1875 et
458 1803 633 1875 maximus
649 1800 693 1874 de
713 1816 831 1874 morte
850 1801 1042 1876 infantium
1061 1803 1179 1876 luctus
1198 1829 1256 1878 ve·

194 1915 332 1995 niebat.
351 1916 513 1993 Tandem
528 1917 676 2018 Paganis
692 1943 711 1988 a
727 1917 897 1993 Silvestre
913 1917 1144 2017 poscentibus
1160 1919 1258 1992 anxi-

195 2036 306 2124 tum,
334 2035 408 2134 ipse
431 2033 643 2108 Christianis
669 2033 877 2106 triduanum
901 2033 1034 2108 indixit
1058 2037 1254 2136 jejunium,

195 2167 282 2254 post
299 2152 398 2253 quod
418 2179 439 2224 a
460 2149 566 2225 beato
587 2153 695 2225 Petro
716 2149 879 2249 apostolo
900 2152 937 2222 in
958 2152 1096 2227 visione
1113 2152 1260 2227 edoctus

198 2292 284 2341 casm
302 2266 416 2341 tribus
431 2266 650 2367 presbyteris
670 2281 708 2339 et
730 2265 871 2340 duobus
887 2265 1096 2341 diaconibus
1112 2269 1262 2342 descen-

197 2381 275 2473 dit,
299 2398 337 2457 et
362 2384 401 2457 in
423 2383 559 2457 virtute
584 2382 647 2456 Dei
674 2381 865 2458 dnmnem
888 2384 1031 2481 penitus
1050 2384 1217 2475 inclusit,
1240 2410 1263 2458 a

200 2501 302 2598 cujus
320 2497 409 2572 llatu
424 2511 500 2573 tota
516 2498 639 2571 civitas
655 2523 701 2571 ex
719 2497 777 2570 illa
797 2496 856 2572 die
874 2515 911 2572 et
930 2499 1098 2599 deinceps
1113 2500 1262 2575 liberata

199 2615 280 2691 Deo
303 2617 433 2716 gratias
457 2616 544 2716 egit.
572 2616 658 2688 llaec
681 2632 723 2688 ut
749 2613 897 2714 plurimi
920 2615 1112 2716 gentilium
1137 2619 1263 2692 Romae

200 2730 393 2820 videnmt,
417 2757 436 2805 a
461 2744 560 2829 peste
580 2730 745 2806 dnconis
763 2733 896 2831 erepti,
920 2730 1065 2807 Christo
1082 2733 1266 2809 crudentes

201 2845 486 2946 baptizassent.

253 2963 496 3039 Constantino
518 2965 732 3063 imperatore
747 2963 967 3040 Christianos
990 2982 1139 3069 cogente
1160 2971 1265 3047 idolis

206 3080 426 3169 sacrificare,
460 3096 497 3154 et
528 3082 698 3181 plurimas
726 3098 857 3184 strages
883 3099 1008 3185 agente
1032 3086 1077 3161 de
1103 3087 1172 3163 illis
1203 3092 1266 3192 qui

206 3195 394 3273 sisnulacra
415 3197 593 3272 nolebant
615 3198 780 3288 adomre,
807 3200 976 3276 Silvester
1000 3201 1045 3277 ab
1070 3202 1162 3279 urbe
1185 3232 1267 3279 cum

207 3313 348 3389 clmicis
368 3315 440 3387 suis
457 3315 622 3406 recessit,
644 3317 741 3389 etin
759 3335 884 3392 monte
900 3321 1050 3396 Soracte
1066 3325 1211 3425 Jejuniis
1232 3339 1269 3398 et

208 3429 436 3507 orationibus
454 3432 620 3506 insistens
639 3434 845 3534 aliquandiu
864 3437 1019 3513 delituit.
1036 3440 1158 3514 Ultrix
1181 3467 1269 3517 vero

210 3546 278 3623 nsi
291 3572 421 3621 mnus
436 3548 662 3649 elephantina
677 3551 955 3629 Constantinum
969 3557 1066 3656 lepra
1077 3561 1268 3659 percussit,

210 3679 251 3739 ct
266 3665 318 3739 sic
338 3665 443 3739 illum
464 3666 509 3740 ab
527 3669 701 3744 effusione
724 3673 904 3772 sanguinis
921 3700 1106 3750 servorum
1123 3704 1271 3753 suorum

214 3786 448 3884 campmanit.
467 3787 651 3888 Augustus
666 3813 752 3889 ergo
765 3814 834 3889 pro
851 3806 949 3866 tanta
965 3810 1117 3870 moestus
1132 3796 1273 3870 calami-

216 3914 310 3990 tate,
341 3900 429 4000 qnid
457 3900 526 3974 sibi
555 3904 736 4002 prodesset
764 3904 897 3980 obnixe
926 3908 1063 3984 studuit
1091 3912 1270 4014 indagare.

215 4015 325 4089 'l'unc
337 4017 557 4092 nefariorum
574 4021 738 4120 Capitolii
757 4024 906 4100 consilio
923 4028 1155 4125 pontificum,
1170 4033 1275 4131 jussit

218 4131 348 4228 perimi
363 4147 518 4209 turmam
533 4135 579 4209 ad
594 4139 663 4210 tn'a
681 4138 1020 4237 milliainfsntium,
1034 4159 1076 4220 ut
1093 4143 1176 4223 fuso
1192 4172 1277 4220 san-
