2894 4958
544 401 662 463 nlnssn
683 400 841 465 PRIMUS.
1168 410 1223 468 101

166 521 207 599 lli
220 515 375 598 numero
391 546 440 597 xv
452 548 496 596 ex
518 522 791 597 circumcisione
814 521 1048 623 prodierunt,
1068 525 1107 599 in
1123 528 1228 601 Jeru-

166 640 272 717 salem
286 665 307 711 a
319 638 482 740 passione
498 622 646 714 Domini
664 665 777 740 usque
793 639 836 712 ad
856 638 993 714 AElium
1009 639 1231 716 Hadrianum

166 781 355 859 peranms
366 755 442 830 lere
454 781 475 828 c
485 770 523 830 et
534 780 588 830 vn
604 755 856 856 praefuerunt,
876 753 1018 859 fideque
1034 774 1071 833 et
1083 760 1231 834 scientia

166 898 248 948 carn
259 873 446 947 sanctitate
462 872 682 948 micuerunt.
698 873 791 947 Dein
803 870 1026 975 exgentibus
1040 875 1090 949 eis
1103 874 1139 948 hi
1153 903 1233 951 snc-

166 996 385 1064 1111111111
413 993 575 1077 Marcus,
602 987 806 1077 Cassianus,
833 987 1000 1078 Publius,
1029 990 1230 1083 Maximus,

166 1106 350 1194 lulianus,
368 1105 497 1194 Gaius,
515 1105 695 1195 Julianus,
714 1104 890 1206 Capiton,
909 1105 1059 1199 Valens,
1076 1108 1234 1208 Delicia-

166 1218 254 1312 nus,
269 1221 471 1312 Narcissus,
488 1220 704 1311 Alexander,
725 1218 978 1312 Masabbanes,
991 1221 1232 1325 Hymenaeus,

166 1334 322 1428 Zabdas,
349 1340 530 1428 llemron,
548 1336 771 1428 Macharins,
788 1336 993 1430 Maximus,
1017 1339 1176 1440 Cyrillns
1200 1357 1237 1416 et

166 1448 349 1551 loannes(
374 1453 405 1554 ).

204 1568 427 1646 ¹Antoninus
443 1586 686 1673 cognomento
699 1570 805 1659 Pius,
821 1594 906 1641 eum
922 1568 1006 1643 filiis
1015 1573 1106 1662 suis,
1121 1573 1238 1649 Aure-

166 1687 220 1763 lio
233 1704 272 1762 et
282 1688 414 1776 Lucio,
428 1688 534 1759 annis
551 1709 630 1758 111111
645 1700 682 1759 et
692 1683 876 1759 mensibus
889 1710 944 1759 ιιι.
964 1688 1142 1786 [Justinus
1153 1690 1239 1790 plri-

166 1803 340 1904 losoplaus
358 1802 493 1875 librum
509 1827 579 1901 pro
596 1800 788 1875 christiana
806 1801 980 1902 religione
996 1807 1239 1904 compositum

167 1920 378 2020 Antonino]
388 1919 549 2008 tradidit,
559 1917 918 2020 eumquebenignum
926 1946 1009 2021 erga
1017 1919 1240 1998 Christianos

167 2038 269 2116 facie.
288 2038 360 2132 Qui
379 2063 456 2111 non
478 2036 585 2137 longe
607 2050 708 2135 post,
734 2036 928 2111 suscitante
951 2041 1241 2137 persecutionem

168 2158 359 2234 Gruoente
373 2155 522 2257 cynico,
539 2180 609 2255 pro
633 2152 779 2243 Christo
802 2154 1012 2256 sangasinem
1029 2154 1124 2231 ludit
1135 2212 1146 2246 ,
1173 2157 1241 2231 sub

168 2270 376 2349 Pioltomae
386 2272 568 2370 episcopo.
584 2270 733 2344 Hermes
745 2271 889 2371 scripsit
900 2269 1062 2362 librum,
1077 2273 1140 2375 qui
1155 2272 1242 2347 dici-

172 2402 234 2462 tnr
248 2388 427 2476 Pastoris,
447 2388 485 2458 in
500 2411 576 2487 quo
587 2401 811 2486 praeceptum
823 2385 950 2487 Angeli
963 2390 1186 2479 continetur,
1203 2404 1245 2462 ut

171 2501 304 2578 Pascha
311 2501 370 2576 die
379 2503 571 2577 Dominico
582 2501 835 2576 celebraretur.
845 2503 1083 2605 [Polycarpus
1091 2508 1243 2580 Romam

174 2618 323 2695 veniens
338 2617 473 2691 multos
485 2615 532 2689 ab
543 2616 710 2690 haeretica
723 2614 819 2716 labe]
833 2618 1030 2720 castigavit,
1045 2622 1107 2721 qui
1118 2621 1245 2697 Valen-

173 2733 294 2809 tiniet
310 2732 485 2808 Cerdonis
497 2731 643 2806 fuerant
657 2758 775 2839 nuper
783 2733 948 2808 doctrina
962 2739 1125 2837 corrupti
1143 2739 1160 2839 (
1184 2740 1215 2838 )

206 3007 315 3079 (1)-(11
339 3007 406 3063 aodt
430 3024 530 3083 rip-ro
546 3005 641 3077 juillet
664 3003 738 3077 alti
758 3005 930 3061 L’initiation
947 3004 983 3061 de
1002 3005 1168 3080 l'emperenr
1186 3026 1241 3064 anx

174 3097 308 3171 mysthea
319 3084 467 3165 d’Eleusis‚
481 3115 517 3153 en
534 3096 598 3164 126,
612 3096 684 3151 avait
696 3097 785 3151 excitt
796 3094 823 3151 la
834 3096 1010 3170 perstention
1025 3095 1197 3153 ll'occasion
1206 3097 1243 3154 de

173 3184 294 3261 laqudle
311 3186 383 3241 saint
395 3185 537 3257 Quadrat‚
551 3186 655 3261 eroque
672 3186 840 3253 d'Athenes‚
859 3185 932 3243 saint
945 3185 1068 3243 Aristide
1079 3197 1108 3243 et
1121 3187 1242 3243 Serenus

174 3276 345 3346 liminum,
354 3277 617 3350 proconsul'd’Asie,
628 3277 801 3333 adresstrent
809 3279 825 3332 l
832 3295 864 3332 ce
872 3278 970 3351 prince
978 3277 1052 3333 leurs
1061 3277 1200 3351 apologico
1208 3277 1243 3335 de

174 3364 201 3422 h
213 3365 334 3441 religion
346 3366 524 3434 ehretieme,
537 3366 586 3441 qui
596 3365 784 3439 l’engagtreut
796 3367 840 3439 ay
853 3375 954 3421 mettre
965 3365 1013 3420 fin.
1023 3366 1061 3421 Lu
1070 3365 1243 3423 destruction

175 3452 374 3511 &tanatem
386 3455 475 3510 arriva
486 3472 521 3510 au
536 3455 606 3510 mois
618 3453 712 3509 d'aoitt
727 3451 790 3522 155,
803 3463 893 3508 etson
906 3453 1126 3510 retablisaement
1136 3473 1244 3510 comme

176 3541 286 3598 colonie
296 3544 435 3611 romaine,
454 3561 518 3598 sous
529 3543 555 3598 le
568 3560 634 3598 nom
646 3541 748 3597 d'AElia
758 3541 930 3617 Capitolina,
951 3541 1020 3596 etait
1032 3540 1093 3614 dejs
1110 3544 1244 3618 accompli

176 3648 212 3689 aa
227 3629 294 3700 158,
308 3635 417 3708 epoque
427 3632 464 3689 de
475 3632 653 3688 l’ordination
665 3631 705 3686 du
718 3631 875 3705 patriarche
890 3632 976 3686 Marc.
991 3631 1066 3686 Dans
1077 3631 1243 3689 l’enomera-

176 3722 239 3779 tion
248 3722 286 3778 de
302 3741 345 3778 ses
356 3723 565 3797 predeoessenra
577 3723 662 3796 juiss,
676 3732 757 3778 notre
771 3731 872 3777 auteur
883 3721 1020 3776 substitue
1030 3721 1128 3778 Sextus
1140 3725 1160 3778 l·
1171 3723 1243 3779 Ben-

174 3811 280 3885 janin,
307 3812 334 3868 le
356 3813 470 3869 sixitme
490 3813 598 3869 d’eutre
616 3830 679 3868 eux.
702 3812 740 3867 la
759 3810 822 3868 llate
844 3809 913 3886 qu'll
940 3810 1034 3866 donne
1058 3812 1166 3868 ensuite
1197 3811 1245 3869 des

178 3918 350 3958 nonnanes
369 3902 405 3957 de
424 3922 455 3959 oe
472 3903 562 3978 prtlat
576 3902 706 3977 jnsqn'au
724 3910 963 3957 commenoement
980 3900 1018 3955 du
1036 3913 1074 3956 vs·
1091 3901 1187 3970 siecle,
1205 3915 1246 3960 est

179 3989 347 4064 incomplete
358 3990 394 4046 de
407 4002 468 4065 sept
475 4009 563 4047 noros.
574 3993 610 4047 La
619 3989 764 4046 fondation
773 3988 808 4045 de
817 3988 1043 4064 la-bintiothsque
1052 3988 1250 4053 d'Alexandrie

178 4077 338 4151 appartient
348 4097 384 4133 au
396 4089 633 4134 commenoement
642 4077 678 4134 de
695 4075 753 4135 135.

214 4167 324 4238 (1)(’10
348 4168 443 4240 juillet
465 4167 546 4244 1387
568 4186 642 4223 mars
665 4167 741 4239 161).
765 4164 958 4223 nare-Aucto
978 4175 1007 4222 et
1030 4166 1131 4221 Lucius
1153 4167 1246 4226 Verus

181 4256 313 4314 o’enimt
322 4256 363 4313 les
374 4258 416 4314 lits
430 4258 584 4315 d¹Antonin
594 4258 645 4315 Pis
654 4276 710 4333 que
722 4277 773 4332 par
784 4256 928 4331 adoption.
941 4255 978 4314 lae
997 4265 1119 4329 martyre
1128 4254 1164 4312 de
1176 4257 1250 4317 saint
