2894 4958
514 350 860 464 nunusccunnus.
1163 404 1221 464 ror

166 525 419 627 poeberrdentes
430 548 510 610 eos,
526 524 566 595 in
577 521 773 596 custodiam
782 538 994 622 posuerunt.
1009 521 1114 594 Follis
1127 523 1223 596 enim

166 643 332 746 nequitiae
348 642 446 741 pleni
469 639 640 714 dolebant
663 639 761 739 quod
778 640 954 739 populum
975 638 1166 727 docerent,
1189 658 1227 714 et

166 759 460 835 resurrectionem
471 785 513 830 ex
524 756 677 830 mortuis
691 757 729 828 in
742 757 825 831 Jesu
837 756 1107 831 annuntiarent.
1118 757 1225 830 Multi

166 902 290 952 eorum
311 875 375 976 qui
397 872 582 947 audierant
605 870 753 945 verbum
779 870 1025 960 crediderunt,
1053 888 1089 947 et
1114 871 1228 944 factus

166 1008 216 1067 est
240 1018 412 1066 numerus
437 991 599 1064 virorum
623 989 785 1088 quinque
809 987 934 1060 millia.
962 990 1004 1060 ln
1032 990 1229 1062 crastinum

166 1109 306 1194 dunas,
331 1107 498 1207 princeps
524 1102 764 1188 sacerdotum,
786 1118 823 1178 et
846 1103 995 1203 Caiphas
1018 1119 1054 1177 et
1074 1107 1229 1180 Joannes

168 1238 205 1298 et
220 1222 421 1296 Alexander
433 1238 470 1295 et
487 1235 671 1321 quotquot
687 1236 790 1294 erant
802 1220 846 1293 de
858 1246 988 1320 genere
1001 1219 1230 1310 sacerdotali,

166 1353 202 1412 et
226 1338 406 1436 principes
433 1351 469 1410 et
496 1337 661 1409 seniores
680 1351 716 1408 et
741 1333 888 1427 scribae,
916 1337 1120 1436 cougregati
1148 1353 1234 1408 sunt

168 1455 205 1527 in
221 1451 431 1526 Jerusalem.
451 1454 499 1524 Et
521 1466 715 1524 statuentes
733 1477 793 1524 eos
815 1451 852 1523 in
870 1450 1009 1539 medio,
1029 1453 1233 1551 interroga-

168 1567 257 1643 bcnt
275 1599 284 1640 ε
306 1571 445 1667 Inque
460 1571 594 1640 virtute
612 1585 676 1640 aut
694 1570 733 1639 in
751 1594 822 1666 quo
838 1570 984 1641 nomine
993 1568 1143 1666 jecistis
1163 1568 1232 1641 boc

171 1683 263 1759 vos?
291 1685 395 1756 Tunc
423 1685 549 1757 Petrus
575 1682 712 1782 Spiritu
746 1684 878 1757 Sancto
908 1684 1065 1783 repletus
1095 1686 1234 1783 optime

171 1816 319 1877 testatus
351 1815 404 1874 est
430 1800 529 1901 quod
555 1801 591 1872 in
619 1803 768 1874 nomine
791 1803 875 1874 Jesu
900 1801 1033 1873 Christi
1060 1801 1233 1875 Nazareni

171 1944 266 2019 aeger
282 1934 423 1990 sanatus
441 1932 513 2005 est,
532 1943 598 1990 nec
619 1917 735 2005 aliud,
755 1919 792 1990 in
812 1943 886 2018 quo
905 1918 1029 1990 salvari
1045 1935 1234 2017 oporteat,
1293 1942 1295 1945 ·

171 2060 307 2109 nomen
326 2033 392 2106 sub
410 2033 504 2108 coelo
520 2035 642 2105 datum
656 2051 720 2106 est.
734 2033 935 2107 Adversarii
948 2060 1053 2123 vero,
1067 2051 1239 2107 constan-

174 2156 262 2227 tiam
278 2153 373 2226 Petri
388 2168 425 2226 et
436 2153 585 2226 Joannis
601 2150 761 2225 videntes
770 2205 781 2240 ,
797 2167 984 2251 comperto
1001 2152 1100 2251 quod
1116 2151 1239 2225 homi-

174 2296 237 2345 ues
265 2287 383 2345 essem
411 2270 487 2344 sine
510 2270 640 2351 litteris
668 2284 705 2343 et
730 2268 876 2361 idiote,
902 2269 1173 2341 admirabantur
1204 2285 1241 2342 et

175 2379 496 2460 nominabantur.
516 2385 614 2483 Ipsos
627 2385 753 2484 utique
768 2382 1050 2484 cognoscebant,
1065 2384 1240 2485 quoniam

176 2524 260 2577 cum
274 2503 360 2576 Jesu
376 2502 532 2575 suerunt.
550 2503 742 2575 Hominem
759 2527 904 2603 quoque
920 2503 982 2603 qui
1002 2505 1145 2575 curatus
1163 2503 1242 2576 fue-

177 2633 233 2691 rat
244 2672 255 2706 ,
281 2645 364 2690 cum
383 2620 432 2690 eis
450 2633 603 2691 stantem
619 2616 789 2691 videbant
799 2672 810 2707 ,
832 2624 869 2690 ct'
884 2617 977 2690 nihil
1000 2603 1244 2692 contradicere

180 2748 347 2835 poterant
353 2761 364 2822 3
378 2731 438 2807 sed
448 2760 517 2832 pro
530 2733 719 2806 manifesto
727 2735 867 2806 cunctis
876 2735 912 2806 in
922 2735 1115 2807 Jerusalem
1126 2736 1243 2835 signo,

179 2840 258 2949 prae'
272 2848 324 2921 ira
351 2847 589 2921 tabescebant.
611 2850 773 2950 Denique
794 2850 945 2923 consilio
968 2867 1134 2948 accepto,
1156 2877 1246 2948 apo-

182 2967 291 3043 stolos
308 2980 575 3056 convocarunt,
590 2982 626 3041 et
640 2993 686 3039 ne
700 2968 851 3040 omnino
865 2966 1116 3066 loquerentur,
1130 2995 1246 3068 neque

182 3084 353 3161 docerent
373 3086 411 3157 in
434 3086 583 3159 nomine
606 3087 706 3174 Jesu,
734 3084 1052 3158 denuntiaverunt.
1081 3085 1246 3178 Quorum

183 3219 367 3301 proeccpto
378 3207 503 3275 Petrus
517 3213 553 3275 e't
565 3204 719 3274 Joannes
732 3202 945 3274 auctoritate
961 3227 1087 3300 magna
1102 3219 1248 3275 contra·

184 3314 372 3407 dierunt,
397 3318 555 3393 dicentes
577 3349 585 3391 ε
606 3319 652 3391 Si
664 3320 808 3420 justum
828 3335 881 3391 est
900 3320 940 3390 in
961 3335 1156 3417 conspectu
1178 3321 1252 3392 Dei

184 3461 250 3511 uos
269 3437 398 3538 potius
421 3435 552 3508 audire
577 3464 689 3535 quam
714 3436 933 3524 Dominum,
955 3434 1139 3535 judicate.
1165 3435 1251 3509 Non

187 3554 282 3625 mim
291 3579 509 3654 possumus,
533 3580 616 3651 quae
630 3551 793 3623 vidimus
815 3568 849 3623 et
872 3550 1094 3639 audivimus,
1116 3577 1188 3622 non
1205 3553 1252 3626 lo·

188 3669 262 3766 qui.
292 3667 341 3739 At
368 3667 419 3739 illi
446 3669 707 3740 comminantes
732 3693 791 3740 eos
815 3665 1028 3738 dimiserunt
1036 3669 1047 3754 ,'
1074 3692 1150 3738 non
1176 3671 1251 3741 ausi

190 3783 318 3881 punire
346 3808 437 3880 quos
462 3780 631 3854 videbant
656 3781 792 3880 populo
817 3805 885 3879 pro
913 3780 1049 3879 ingenti
1079 3780 1253 3856 miraculo

189 3898 382 3972 admodum
399 3899 564 3996 placere(
589 3900 619 3996 ).

223 4159 263 4227 (ι)
282 4157 348 4211 Αει;
362 4167 451 4228 apost.
469 4176 503 4225 iv,
521 4173 593 4211 nau.
609 4158 716 4225 (Aunes
728 4154 763 4213 33
775 4155 810 4213 de
822 4155 888 4211 l'ere
900 4156 1083 4228 chrc'rtienne.)
