2894 4958
543 397 894 463 usunsncnnnns.
1180 368 1257 461 'ars

184 521 281 595 ultra
299 519 510 620 contingere
532 517 682 593 thorum
697 518 765 591 viri
781 518 850 593 sui.
875 519 991 593 lratus
1012 517 1133 618 itaque
1149 517 1256 589 Gari-

184 639 260 713 sius
275 638 437 738 perrexit
451 635 495 711 ad
509 663 652 738 regem,
670 651 707 711 et
723 635 929 736 impetravit
945 633 993 709 al)
1011 659 1056 708 eo
1078 649 1121 707 nt
1136 649 1259 709 tentus

184 754 370 855 apostolus
385 755 592 829 mitteretur
605 754 644 827 in
660 779 855 831 carcerem.
873 752 1011 826 Sintice
1021 767 1142 827 antem
1157 752 1259 854 Myg-

185 872 336 950 doniam
349 873 393 947 ad
406 898 586 949 carcerem
597 870 723 962 duxit,
736 889 773 946 et
784 872 869 946 dato
878 897 1029 945 munere
1039 870 1257 956 carcernrio,

186 989 235 1067 ad
253 1018 337 1067 enm
354 991 516 1067 intravit.
536 988 731 1090 Apostolus
739 1043 751 1079 ‚
777 988 897 1063 andita
920 987 1131 1063 credulitate
1153 988 1261 1089 Myg-

188 1106 332 1200 douiae,
350 1107 458 1206 jussit
481 1122 523 1183 ut
549 1106 587 1182 in
612 1105 762 1181 domum
784 1132 883 1178 suam
904 1110 980 1179 cito
1003 1119 1259 1192 reverteretur,

189 1221 316 1324 ibique
332 1225 371 1295 in
384 1220 554 1299 cubiculo
568 1221 688 1297 clauso
701 1223 819 1321 ipsum
830 1221 1114 1321 praestolaretur.
1133 1218 1261 1293 Mediae

189 1364 282 1417 vero
299 1338 418 1415 noctis
440 1352 604 1437 tempore
623 1337 806 1436 apostolus
823 1337 949 1425 «affuit,
969 1337 1143 1437 promissa
1161 1360 1264 1409 oom-

185 1456 298 1556 plens
314 1481 490 1533 numerum
514 1455 683 1544 intravit,
707 1454 942 1558 Mygdoniam
961 1453 1202 1546 confortavit,
1224 1453 1263 1523 in

191 1570 266 1649 fide
280 1570 454 1664 crudivit,
470 1588 611 1674 septem,
618 1570 744 1647 diebus
752 1574 914 1672 jejunare
923 1571 1110 1672 praeoepit.
1129 1569 1264 1644 Octavo

191 1705 319 1764 autem
329 1688 388 1764 die
399 1689 530 1765 iterum
547 1690 714 1763 similiter
724 1690 853 1779 rediit,
869 1705 907 1764 et
919 1687 1063 1764 fidelem
1075 1687 1264 1778 feminam,

194 1831 282 1883 cum
306 1804 477 1880 omnibus
503 1807 567 1906 qui
597 1807 845 1897 crediderant,
873 1805 1081 1906 baptizavit.
1113 1805 1267 1878 Carisius

193 1937 337 2014 antem,
356 1924 456 2023 cujus
473 1950 636 2002 sororem
654 1924 818 1999 Mesdeus
837 1951 900 1999 rex
923 1922 1077 1999 habebat
1091 1948 1264 2012 uxorem,

195 2040 305 2140 petiit
327 2055 369 2113 ut
384 2042 532 2141 Treptia
553 2042 675 2143 regina
693 2043 901 2120 mitteretur
918 2043 962 2116 ad
978 2068 1078 2116 auam
1093 2067 1266 2128 uxorem,

197 2174 377 2258 quatenus
400 2184 465 2258 per
480 2185 558 2234 eam
574 2174 805 2236 revocaretur
819 2160 864 2234 ad
886 2159 1034 2235 thorum
1052 2158 1267 2232 maritalem.

197 2272 363 2349 Mesdeus
375 2300 439 2353 tex
452 2277 641 2353 concessit.
658 2277 806 2376 Treptia
818 2277 941 2379 regina
952 2276 1130 2377 perrexit,
1146 2275 1271 2348 astutis

199 2391 386 2473 blanditiis
401 2394 638 2496 Mygdoniam
651 2397 845 2487 convenit,
859 2410 1014 2499 totoque
1029 2397 1112 2473 nisu
1126 2394 1171 2468 ad
1183 2394 1274 2494 pris·

200 2512 320 2589 tinam
341 2514 652 2589 conversationem
674 2513 858 2589 retrahere
879 2513 1030 2589 studuit.
1056 2513 1194 2588 Verum
1213 2511 1273 2585 illa

197 2633 275 2730 jam
296 2631 335 2707 in
357 2628 503 2706 Christo
525 2630 672 2706 lundata
695 2631 844 2707 fortiter
865 2632 1016 2720 restitit,
1036 2636 1183 2733 jamque
1204 2627 1275 2703 fide

197 2744 311 2823 fortis
326 2743 494 2821 bellatrix
510 2747 743 2848 repugnavit,
761 2763 799 2821 et
811 2749 974 2849 reginam
988 2746 1130 2821 ratione
1143 2746 1277 2818 victam

202 2861 249 2939 ed
271 2861 457 2941 Christum
481 2880 626 2939 strenue
651 2866 841 2966 compulit.
861 2864 965 2939 Ilulci
992 2865 1090 2939 enim
1112 2861 1277 2936 affasuei

202 2980 413 3082 respondit,
432 2984 506 3081 ejus
524 2983 648 3056 animo
664 2988 823 3059 umorem
845 2982 999 3083 apostoli
1015 2980 1167 3055 solerter
1189 2979 1279 3078 inje-

204 3098 278 3189 cit,
299 3114 336 3173 et
349 3099 397 3171 ita
410 3097 641 3198 predicando
652 3099 813 3173 mulieris
828 3126 893 3176 oor
905 3100 980 3174 cito
995 3097 1196 3198 supposuit.
1216 3095 1280 3167 Ait

204 3217 332 3297 enim:
353 3216 386 3289 Ο
402 3244 506 3293 soror
520 3219 691 3321 Treptio,
708 3224 743 3293 si
754 3221 866 3294 scires
879 3244 1042 3320 qnaeego
1054 3217 1194 3305 didici,
1207 3241 1281 3289 non

206 3332 392 3409 nominem
404 3351 553 3435 putares
567 3361 668 3425 esse,
686 3335 754 3410 sed
768 3335 889 3409 deum.
909 3335 1042 3409 Sardis
1060 3336 1156 3406 enim
1176 3331 1285 3405 oudi-

208 3466 288 3525 tum
315 3448 457 3539 reddit,
486 3450 641 3526 salutem
667 3451 836 3526 omnibus
861 3452 1087 3551 oegrimonir's
1111 3449 1284 3539 restituit,-

211 3565 418 3666 oliquando
434 3569 544 3640 etiam
561 3586 721 3642 mortuos
743 3570 798 3643 ad
811 3571 928 3642 uitam
952 3567 1188 3641 resuscitavit.
1208 3564 1289 3638 Hie

210 3682 372 3759 ostendit
391 3685 542 3761 alteram
563 3688 682 3761 uitam
702 3687 961 3776 immortalem,
984 3686 1147 3757 nesciam
1166 3682 1286 3755 omnis

212 3798 376 3888 doloris,
394 3803 583 3902 numisque
599 3804 767 3876 tristitioe.
788 3804 838 3877 In
856 3802 929 3876 dac
945 3804 1057 3875 etiam
1071 3816 1178 3874 noete
1192 3796 1288 3871 ritor-

214 3936 299 3993 tuus
314 3918 362 3992 ab
378 3946 420 3995 eo
437 3923 675 3996 resuscitatus
691 3938 754 3995 est.
772 3923 818 3997 N
815 3949 878 3995 am
891 3921 972 3994 dur
982 3919 1140 3993 militum
1152 3914 1290 4019 Simjo·

216 4064 278 4113 ms
305 4035 359 4113 ad
382 4063 563 4112 carcerem
586 4039 697 4131 obiit,
725 4067 752 4114 a
775 4040 991 4113 carcerariis
1015 4037 1223 4141 apostolum
1249 4038 1294 4111 in-

207 4152 290 4251 tide
310 4179 381 4231 stttt
396 4157 555 4257 suscepit
575 4173 609 4230 et
625 4161 664 4229 in
681 4156 830 4251 domum
853 4183 959 4231 sunm
977 4155 1099 4229 duxit.
1119 4154 1206 4255 Ipse
1226 4179 1294 4226 nu·
