<?xml version="1.0" encoding="UTF-8"?>
<!DOCTYPE html PUBLIC "-//W3C//DTD XHTML 1.0 Transitional//EN"
    "http://www.w3.org/TR/xhtml1/DTD/xhtml1-transitional.dtd">
<html xmlns="http://www.w3.org/1999/xhtml" xml:lang="en" lang="en">
 <head>
  <title>
</title>
<meta http-equiv="Content-Type" content="text/html;charset=utf-8" />
  <meta name='ocr-system' content='tesseract 3.04.00' />
  <meta name='ocr-capabilities' content='ocr_page ocr_carea ocr_par ocr_line ocrx_word'/>
</head>
<body>
  <div class='ocr_page' id='page_1' title='image "./ordericivitalis02deligoog_0237.png"; bbox 0 0 2894 4958; ppageno 0'>
   <div class='ocr_carea' id='block_1_1' title="bbox 187 386 1276 1437">
    <p class='ocr_par' dir='ltr' id='par_1_1' title="bbox 187 386 974 456">
     <span class='ocr_line' id='line_1_1' title="bbox 187 386 974 456; baseline -0.001 -3"><span class='ocrx_word' id='word_1_1' title='bbox 187 395 249 456; x_wconf 59' lang='grc' dir='ltr'><em>Μ</em></span> <span class='ocrx_word' id='word_1_2' title='bbox 461 387 643 448; x_wconf 75' lang='lat' dir='ltr'>HISTORIA</span> <span class='ocrx_word' id='word_1_3' title='bbox 667 386 974 454; x_wconf 86' lang='lat' dir='ltr'>ECCLESIASTlCA.</span> 
     </span>
    </p>

    <p class='ocr_par' dir='ltr' id='par_1_2' title="bbox 189 506 1276 1437">
     <span class='ocr_line' id='line_1_2' title="bbox 189 506 1256 616; baseline 0.004 -29"><span class='ocrx_word' id='word_1_4' title='bbox 189 511 373 598; x_wconf 82' lang='lat' dir='ltr'>introivit,</span> <span class='ocrx_word' id='word_1_5' title='bbox 389 526 425 583; x_wconf 89' lang='lat' dir='ltr'>et</span> <span class='ocrx_word' id='word_1_6' title='bbox 443 510 487 581; x_wconf 90' lang='lat' dir='ltr'>de</span> <span class='ocrx_word' id='word_1_7' title='bbox 505 508 690 605; x_wconf 85' lang='lat' dir='ltr'>scripturis</span> <span class='ocrx_word' id='word_1_8' title='bbox 709 506 826 605; x_wconf 90' lang='lat' dir='ltr'>palam</span> <span class='ocrx_word' id='word_1_9' title='bbox 841 508 1030 600; x_wconf 82' lang='lat' dir='ltr'>disseruit,</span> <span class='ocrx_word' id='word_1_10' title='bbox 1051 513 1256 616; x_wconf 82' lang='lat' dir='ltr'>adaperiens</span> 
     </span>
     <span class='ocr_line' id='line_1_3' title="bbox 191 621 1259 731; baseline 0.004 -30"><span class='ocrx_word' id='word_1_11' title='bbox 191 643 227 701; x_wconf 89' lang='lat' dir='ltr'>ct</span> <span class='ocrx_word' id='word_1_12' title='bbox 244 626 427 700; x_wconf 86' lang='lat' dir='ltr'>insinuans</span> <span class='ocrx_word' id='word_1_13' title='bbox 443 652 451 691; x_wconf 78' lang='grc' dir='ltr'><strong><em>ε</em></strong></span> <span class='ocrx_word' id='word_1_14' title='bbox 473 624 562 722; x_wconf 81' lang='lat' dir='ltr'>quia</span> <span class='ocrx_word' id='word_1_15' title='bbox 575 621 750 695; x_wconf 78' lang='lat' dir='ltr'>Christum</span> <span class='ocrx_word' id='word_1_16' title='bbox 763 629 922 726; x_wconf 64' lang='lat' dir='ltr'>oportuit</span> <span class='ocrx_word' id='word_1_17' title='bbox 932 630 1016 727; x_wconf 82' lang='lat' dir='ltr'>pati</span> <span class='ocrx_word' id='word_1_18' title='bbox 1027 647 1064 701; x_wconf 76' lang='lat' dir='ltr'>el</span> <span class='ocrx_word' id='word_1_19' title='bbox 1076 657 1259 731; x_wconf 75' lang='lat' dir='ltr'>resurgere</span> 
     </span>
     <span class='ocr_line' id='line_1_4' title="bbox 190 738 1258 849; baseline 0.003 -31"><span class='ocrx_word' id='word_1_20' title='bbox 190 771 216 818; x_wconf 84' lang='lat' dir='ltr'>a</span> <span class='ocrx_word' id='word_1_21' title='bbox 236 747 406 830; x_wconf 82' lang='lat' dir='ltr'>mortuis,</span> <span class='ocrx_word' id='word_1_22' title='bbox 428 757 462 812; x_wconf 80' lang='lat' dir='ltr'>ct</span> <span class='ocrx_word' id='word_1_23' title='bbox 477 742 567 839; x_wconf 74' lang='lat' dir='ltr'>&#39;quia</span> <span class='ocrx_word' id='word_1_24' title='bbox 585 738 645 812; x_wconf 81' lang='lat' dir='ltr'>hic</span> <span class='ocrx_word' id='word_1_25' title='bbox 660 756 713 812; x_wconf 86' lang='lat' dir='ltr'>est</span> <span class='ocrx_word' id='word_1_26' title='bbox 729 739 895 816; x_wconf 81' lang='lat' dir='ltr'>Christus</span> <span class='ocrx_word' id='word_1_27' title='bbox 912 750 1040 836; x_wconf 81' lang='lat' dir='ltr'>Iesus,</span> <span class='ocrx_word' id='word_1_28' title='bbox 1066 773 1175 849; x_wconf 80' lang='lat' dir='ltr'>quem</span> <span class='ocrx_word' id='word_1_29' title='bbox 1195 773 1258 846; x_wconf 76' lang='lat' dir='ltr'>ego</span> 
     </span>
     <span class='ocr_line' id='line_1_5' title="bbox 190 857 1276 962; baseline 0.006 -27"><span class='ocrx_word' id='word_1_30' title='bbox 190 862 367 935; x_wconf 81' lang='lat' dir='ltr'>annuntio</span> <span class='ocrx_word' id='word_1_31' title='bbox 383 858 502 932; x_wconf 85' lang='lat' dir='ltr'>vobis.</span> <span class='ocrx_word' id='word_1_32' title='bbox 522 857 629 929; x_wconf 89' lang='lat' dir='ltr'>Multi</span> <span class='ocrx_word' id='word_1_33' title='bbox 647 883 689 930; x_wconf 83' lang='lat' dir='ltr'>ex</span> <span class='ocrx_word' id='word_1_34' title='bbox 704 857 838 932; x_wconf 86' lang='lat' dir='ltr'>Judaeis</span> <span class='ocrx_word' id='word_1_35' title='bbox 849 864 894 934; x_wconf 84' lang='lat' dir='ltr'>&#39;et</span> <span class='ocrx_word' id='word_1_36' title='bbox 910 860 1083 962; x_wconf 83' lang='lat' dir='ltr'>gentibus</span> <span class='ocrx_word' id='word_1_37' title='bbox 1101 864 1257 941; x_wconf 74' lang='lat' dir='ltr'>credide·</span> <span class='ocrx_word' id='word_1_38' title='bbox 1274 918 1276 929; x_wconf 87' lang='lat'><em>·</em></span> 
     </span>
     <span class='ocr_line' id='line_1_6' title="bbox 190 969 1257 1079; baseline 0.003 -28"><span class='ocrx_word' id='word_1_39' title='bbox 190 994 291 1066; x_wconf 89' lang='lat' dir='ltr'>runt,</span> <span class='ocrx_word' id='word_1_40' title='bbox 305 976 415 1050; x_wconf 91' lang='lat' dir='ltr'>Paulo</span> <span class='ocrx_word' id='word_1_41' title='bbox 426 990 462 1049; x_wconf 90' lang='lat' dir='ltr'>et</span> <span class='ocrx_word' id='word_1_42' title='bbox 473 973 556 1045; x_wconf 86' lang='lat' dir='ltr'>Silae</span> <span class='ocrx_word' id='word_1_43' title='bbox 565 969 723 1071; x_wconf 90' lang='lat' dir='ltr'>adjuncti</span> <span class='ocrx_word' id='word_1_44' title='bbox 735 989 838 1047; x_wconf 75' lang='lat' dir='ltr'>sunt·</span> <span class='ocrx_word' id='word_1_45' title='bbox 845 975 1010 1051; x_wconf 86' lang='lat' dir='ltr'>Zelantes</span> <span class='ocrx_word' id='word_1_46' title='bbox 1022 979 1140 1079; x_wconf 82' lang='lat' dir='ltr'>igitur</span> <span class='ocrx_word' id='word_1_47' title='bbox 1147 980 1257 1054; x_wconf 76' lang='lat' dir='ltr'>Judsei</span> 
     </span>
     <span class='ocr_line' id='line_1_7' title="bbox 191 1093 1257 1197; baseline 0.004 -30"><span class='ocrx_word' id='word_1_48' title='bbox 191 1093 335 1167; x_wconf 90' lang='lat' dir='ltr'>turham</span> <span class='ocrx_word' id='word_1_49' title='bbox 352 1093 645 1180; x_wconf 86' lang='lat' dir='ltr'>concitaverunt,</span> <span class='ocrx_word' id='word_1_50' title='bbox 660 1107 698 1164; x_wconf 89' lang='lat' dir='ltr'>et</span> <span class='ocrx_word' id='word_1_51' title='bbox 712 1095 877 1167; x_wconf 88' lang='lat' dir='ltr'>Jasoncm</span> <span class='ocrx_word' id='word_1_52' title='bbox 892 1094 1054 1197; x_wconf 87' lang='lat' dir='ltr'>aliosque</span> <span class='ocrx_word' id='word_1_53' title='bbox 1070 1095 1204 1174; x_wconf 79' lang='lat' dir='ltr'>fratres</span> <span class='ocrx_word' id='word_1_54' title='bbox 1217 1096 1257 1172; x_wconf 77' lang='lat' dir='ltr'>sd</span> 
     </span>
     <span class='ocr_line' id='line_1_8' title="bbox 190 1208 1257 1312; baseline 0.002 -26"><span class='ocrx_word' id='word_1_55' title='bbox 190 1213 369 1312; x_wconf 80' lang='lat' dir='ltr'>principes</span> <span class='ocrx_word' id='word_1_56' title='bbox 380 1210 532 1283; x_wconf 82' lang='lat' dir='ltr'>civitatis</span> <span class='ocrx_word' id='word_1_57' title='bbox 546 1208 725 1282; x_wconf 89' lang='lat' dir='ltr'>trahentes</span> <span class='ocrx_word' id='word_1_58' title='bbox 739 1228 1009 1286; x_wconf 80' lang='lat' dir='ltr'>accusaverunt.</span> <span class='ocrx_word' id='word_1_59' title='bbox 1025 1213 1098 1288; x_wconf 88' lang='lat' dir='ltr'>Sed</span> <span class='ocrx_word' id='word_1_60' title='bbox 1112 1215 1187 1306; x_wconf 94' lang='lat' dir='ltr'>illi,</span> <span class='ocrx_word' id='word_1_61' title='bbox 1203 1241 1257 1289; x_wconf 83' lang='lat' dir='ltr'>ao·</span> 
     </span>
     <span class='ocr_line' id='line_1_9' title="bbox 190 1327 1256 1437; baseline 0.004 -34"><span class='ocrx_word' id='word_1_62' title='bbox 190 1346 290 1427; x_wconf 88' lang='lat' dir='ltr'>cepta</span> <span class='ocrx_word' id='word_1_63' title='bbox 305 1327 545 1402; x_wconf 83' lang='lat' dir='ltr'>satisfactione</span> <span class='ocrx_word' id='word_1_64' title='bbox 563 1327 607 1399; x_wconf 90' lang='lat' dir='ltr'>ab</span> <span class='ocrx_word' id='word_1_65' title='bbox 624 1330 752 1402; x_wconf 88' lang='lat' dir='ltr'>Jasone</span> <span class='ocrx_word' id='word_1_66' title='bbox 770 1346 807 1437; x_wconf 85' lang='lat' dir='ltr'>et</span> <span class='ocrx_word' id='word_1_67' title='bbox 825 1331 1019 1426; x_wconf 78' lang='lat' dir='ltr'>acaeteris,</span> <span class='ocrx_word' id='word_1_68' title='bbox 1041 1357 1106 1406; x_wconf 87' lang='lat' dir='ltr'>eos</span> <span class='ocrx_word' id='word_1_69' title='bbox 1122 1331 1256 1407; x_wconf 77' lang='lat' dir='ltr'>dimise·</span> 
     </span>
    </p>
   </div>
   <div class='ocr_carea' id='block_1_2' title="bbox 71 1443 1255 1545">
    <p class='ocr_par' dir='ltr' id='par_1_3' title="bbox 71 1443 1255 1545">
     <span class='ocr_line' id='line_1_10' title="bbox 71 1443 1255 1545; baseline 0.003 -24"><span class='ocrx_word' id='word_1_70' title='bbox 71 1510 75 1521; x_wconf 92' lang='lat'><em>.</em></span> <span class='ocrx_word' id='word_1_71' title='bbox 190 1459 292 1517; x_wconf 88' lang='lat' dir='ltr'>runt.</span> <span class='ocrx_word' id='word_1_72' title='bbox 317 1447 458 1519; x_wconf 77' lang='lat' dir='ltr'>Fratres</span> <span class='ocrx_word' id='word_1_73' title='bbox 474 1470 561 1518; x_wconf 83' lang='lat' dir='ltr'>vero</span> <span class='ocrx_word' id='word_1_74' title='bbox 586 1443 777 1518; x_wconf 81' lang='lat' dir='ltr'>confestim</span> <span class='ocrx_word' id='word_1_75' title='bbox 798 1472 862 1545; x_wconf 88' lang='lat' dir='ltr'>per</span> <span class='ocrx_word' id='word_1_76' title='bbox 880 1461 1028 1520; x_wconf 87' lang='lat' dir='ltr'>noctem</span> <span class='ocrx_word' id='word_1_77' title='bbox 1044 1448 1200 1521; x_wconf 88' lang='lat' dir='ltr'>Paulum</span> <span class='ocrx_word' id='word_1_78' title='bbox 1222 1464 1255 1524; x_wconf 80' lang='lat' dir='ltr'>et</span> 
     </span>
    </p>
   </div>
   <div class='ocr_carea' id='block_1_3' title="bbox 186 1557 1255 3757">
    <p class='ocr_par' dir='ltr' id='par_1_4' title="bbox 187 1557 1255 3417">
     <span class='ocr_line' id='line_1_11' title="bbox 190 1557 1253 1661; baseline 0.002 -28"><span class='ocrx_word' id='word_1_79' title='bbox 190 1560 302 1635; x_wconf 86' lang='lat' dir='ltr'>Silam</span> <span class='ocrx_word' id='word_1_80' title='bbox 315 1559 353 1633; x_wconf 90' lang='lat' dir='ltr'>in</span> <span class='ocrx_word' id='word_1_81' title='bbox 364 1561 531 1634; x_wconf 81' lang='lat' dir='ltr'>Beroeam</span> <span class='ocrx_word' id='word_1_82' title='bbox 542 1557 774 1648; x_wconf 72' lang='lat' dir='ltr'>dimiserunt3</span> <span class='ocrx_word' id='word_1_83' title='bbox 790 1575 827 1633; x_wconf 90' lang='lat' dir='ltr'>et</span> <span class='ocrx_word' id='word_1_84' title='bbox 840 1558 941 1650; x_wconf 87' lang='lat' dir='ltr'>inde,</span> <span class='ocrx_word' id='word_1_85' title='bbox 956 1577 1113 1661; x_wconf 90' lang='lat' dir='ltr'>propter</span> <span class='ocrx_word' id='word_1_86' title='bbox 1126 1563 1253 1637; x_wconf 87' lang='lat' dir='ltr'>tumul·</span> 
     </span>
     <span class='ocr_line' id='line_1_12' title="bbox 192 1677 1253 1769; baseline 0.006 -19"><span class='ocrx_word' id='word_1_87' title='bbox 192 1698 269 1751; x_wconf 87' lang='lat' dir='ltr'>tum</span> <span class='ocrx_word' id='word_1_88' title='bbox 281 1677 524 1751; x_wconf 87' lang='lat' dir='ltr'>multitudinis</span> <span class='ocrx_word' id='word_1_89' title='bbox 536 1678 756 1752; x_wconf 87' lang='lat' dir='ltr'>concitatum</span> <span class='ocrx_word' id='word_1_90' title='bbox 769 1704 787 1750; x_wconf 91' lang='lat' dir='ltr'>a</span> <span class='ocrx_word' id='word_1_91' title='bbox 802 1677 947 1769; x_wconf 87' lang='lat' dir='ltr'>Judaeis,</span> <span class='ocrx_word' id='word_1_92' title='bbox 962 1679 1119 1754; x_wconf 88' lang='lat' dir='ltr'>Paulum</span> <span class='ocrx_word' id='word_1_93' title='bbox 1133 1680 1253 1756; x_wconf 70' lang='lat' dir='ltr'>fraus</span> 
     </span>
     <span class='ocr_line' id='line_1_13' title="bbox 191 1794 1251 1896; baseline 0.002 -27"><span class='ocrx_word' id='word_1_94' title='bbox 191 1821 303 1896; x_wconf 89' lang='lat' dir='ltr'>usque</span> <span class='ocrx_word' id='word_1_95' title='bbox 315 1794 473 1871; x_wconf 85' lang='lat' dir='ltr'>Athenas</span> <span class='ocrx_word' id='word_1_96' title='bbox 483 1795 741 1893; x_wconf 85' lang='lat' dir='ltr'>perduxerunt.</span> <span class='ocrx_word' id='word_1_97' title='bbox 757 1794 811 1868; x_wconf 92' lang='lat' dir='ltr'>lhi</span> <span class='ocrx_word' id='word_1_98' title='bbox 825 1794 936 1867; x_wconf 81' lang='lat' dir='ltr'>Silam</span> <span class='ocrx_word' id='word_1_99' title='bbox 949 1810 985 1868; x_wconf 84' lang='lat' dir='ltr'>et</span> <span class='ocrx_word' id='word_1_100' title='bbox 997 1795 1251 1889; x_wconf 87' lang='lat' dir='ltr'>Timotheum,</span> 
     </span>
     <span class='ocr_line' id='line_1_14' title="bbox 188 1911 1253 2014; baseline 0 -28"><span class='ocrx_word' id='word_1_101' title='bbox 188 1937 279 2014; x_wconf 89' lang='lat' dir='ltr'>quos</span> <span class='ocrx_word' id='word_1_102' title='bbox 295 1913 434 1985; x_wconf 86' lang='lat' dir='ltr'>Beroeae</span> <span class='ocrx_word' id='word_1_103' title='bbox 446 1911 647 2000; x_wconf 84' lang='lat' dir='ltr'>dimiserat,</span> <span class='ocrx_word' id='word_1_104' title='bbox 663 1911 876 2010; x_wconf 82' lang='lat' dir='ltr'>expectavit.</span> <span class='ocrx_word' id='word_1_105' title='bbox 897 1914 1036 1985; x_wconf 84' lang='lat' dir='ltr'>Interea</span> <span class='ocrx_word' id='word_1_106' title='bbox 1053 1911 1253 2013; x_wconf 84' lang='lat' dir='ltr'>disputabat</span> 
     </span>
     <span class='ocr_line' id='line_1_15' title="bbox 189 2027 1253 2132; baseline 0.004 -30"><span class='ocrx_word' id='word_1_107' title='bbox 189 2033 227 2103; x_wconf 89' lang='lat' dir='ltr'>in</span> <span class='ocrx_word' id='word_1_108' title='bbox 245 2035 423 2132; x_wconf 81' lang='lat' dir='ltr'>synagoga</span> <span class='ocrx_word' id='word_1_109' title='bbox 440 2055 523 2102; x_wconf 88' lang='lat' dir='ltr'>cum</span> <span class='ocrx_word' id='word_1_110' title='bbox 538 2028 672 2101; x_wconf 87' lang='lat' dir='ltr'>Judaeis</span> <span class='ocrx_word' id='word_1_111' title='bbox 688 2044 724 2102; x_wconf 90' lang='lat' dir='ltr'>et</span> <span class='ocrx_word' id='word_1_112' title='bbox 741 2027 964 2118; x_wconf 86' lang='lat' dir='ltr'>colentibus,</span> <span class='ocrx_word' id='word_1_113' title='bbox 980 2044 1018 2102; x_wconf 90' lang='lat' dir='ltr'>et</span> <span class='ocrx_word' id='word_1_114' title='bbox 1033 2030 1074 2103; x_wconf 89' lang='lat' dir='ltr'>iu</span> <span class='ocrx_word' id='word_1_115' title='bbox 1091 2030 1180 2106; x_wconf 84' lang='lat' dir='ltr'>foro</span> <span class='ocrx_word' id='word_1_116' title='bbox 1195 2056 1253 2132; x_wconf 85' lang='lat' dir='ltr'>per</span> 
     </span>
     <span class='ocr_line' id='line_1_16' title="bbox 189 2143 1253 2244; baseline -0.001 -22"><span class='ocrx_word' id='word_1_117' title='bbox 189 2172 315 2222; x_wconf 88' lang='lat' dir='ltr'>omnes</span> <span class='ocrx_word' id='word_1_118' title='bbox 334 2145 409 2219; x_wconf 89' lang='lat' dir='ltr'>dics</span> <span class='ocrx_word' id='word_1_119' title='bbox 427 2145 472 2219; x_wconf 90' lang='lat' dir='ltr'>ad</span> <span class='ocrx_word' id='word_1_120' title='bbox 489 2151 613 2219; x_wconf 86' lang='lat' dir='ltr'>omnes</span> <span class='ocrx_word' id='word_1_121' title='bbox 638 2145 701 2244; x_wconf 88' lang='lat' dir='ltr'>qui</span> <span class='ocrx_word' id='word_1_122' title='bbox 728 2143 927 2217; x_wconf 88' lang='lat' dir='ltr'>audierant.</span> <span class='ocrx_word' id='word_1_123' title='bbox 954 2143 1114 2237; x_wconf 88' lang='lat' dir='ltr'>Quidam</span> <span class='ocrx_word' id='word_1_124' title='bbox 1138 2162 1253 2221; x_wconf 84' lang='lat' dir='ltr'>antem</span> 
     </span>
     <span class='ocr_line' id='line_1_17' title="bbox 189 2259 1253 2365; baseline -0.003 -25"><span class='ocrx_word' id='word_1_125' title='bbox 189 2264 345 2365; x_wconf 86' lang='lat' dir='ltr'>epicurei</span> <span class='ocrx_word' id='word_1_126' title='bbox 359 2279 395 2336; x_wconf 92' lang='lat' dir='ltr'>et</span> <span class='ocrx_word' id='word_1_127' title='bbox 406 2263 509 2337; x_wconf 87' lang='lat' dir='ltr'>stoici</span> <span class='ocrx_word' id='word_1_128' title='bbox 521 2259 726 2361; x_wconf 84' lang='lat' dir='ltr'>philosophi</span> <span class='ocrx_word' id='word_1_129' title='bbox 741 2285 825 2332; x_wconf 88' lang='lat' dir='ltr'>cum</span> <span class='ocrx_word' id='word_1_130' title='bbox 838 2284 881 2334; x_wconf 88' lang='lat' dir='ltr'>eo</span> <span class='ocrx_word' id='word_1_131' title='bbox 893 2259 1130 2334; x_wconf 84' lang='lat' dir='ltr'>disserebant.</span> <span class='ocrx_word' id='word_1_132' title='bbox 1144 2262 1253 2338; x_wconf 81' lang='lat' dir='ltr'>Athe·</span> 
     </span>
     <span class='ocr_line' id='line_1_18' title="bbox 190 2375 1250 2477; baseline 0.001 -24"><span class='ocrx_word' id='word_1_133' title='bbox 190 2382 331 2454; x_wconf 79' lang='lat' dir='ltr'>aienses</span> <span class='ocrx_word' id='word_1_134' title='bbox 353 2397 389 2452; x_wconf 90' lang='lat' dir='ltr'>et</span> <span class='ocrx_word' id='word_1_135' title='bbox 414 2378 559 2453; x_wconf 82' lang='lat' dir='ltr'>advenae</span> <span class='ocrx_word' id='word_1_136' title='bbox 584 2376 744 2477; x_wconf 86' lang='lat' dir='ltr'>hospites·</span> <span class='ocrx_word' id='word_1_137' title='bbox 763 2375 806 2449; x_wconf 92' lang='lat' dir='ltr'>ad</span> <span class='ocrx_word' id='word_1_138' title='bbox 829 2376 922 2449; x_wconf 93' lang='lat' dir='ltr'>nihil</span> <span class='ocrx_word' id='word_1_139' title='bbox 945 2375 1043 2450; x_wconf 89' lang='lat' dir='ltr'>aliud</span> <span class='ocrx_word' id='word_1_140' title='bbox 1059 2378 1250 2468; x_wconf 79' lang='lat' dir='ltr'>vacabant,</span> 
     </span>
     <span class='ocr_line' id='line_1_19' title="bbox 189 2490 1251 2592; baseline -0.001 -22"><span class='ocrx_word' id='word_1_141' title='bbox 189 2496 259 2570; x_wconf 87' lang='lat' dir='ltr'>nisi</span> <span class='ocrx_word' id='word_1_142' title='bbox 276 2510 339 2567; x_wconf 90' lang='lat' dir='ltr'>ant</span> <span class='ocrx_word' id='word_1_143' title='bbox 354 2494 471 2569; x_wconf 87' lang='lat' dir='ltr'>dicere</span> <span class='ocrx_word' id='word_1_144' title='bbox 487 2507 549 2566; x_wconf 90' lang='lat' dir='ltr'>aut</span> <span class='ocrx_word' id='word_1_145' title='bbox 564 2490 687 2565; x_wconf 89' lang='lat' dir='ltr'>audire</span> <span class='ocrx_word' id='word_1_146' title='bbox 699 2492 835 2592; x_wconf 90' lang='lat' dir='ltr'>aliquid</span> <span class='ocrx_word' id='word_1_147' title='bbox 852 2493 951 2565; x_wconf 88' lang='lat' dir='ltr'>novi.</span> <span class='ocrx_word' id='word_1_148' title='bbox 969 2493 1101 2567; x_wconf 89' lang='lat' dir='ltr'>Paulus</span> <span class='ocrx_word' id='word_1_149' title='bbox 1112 2512 1251 2584; x_wconf 87' lang='lat' dir='ltr'>autem,</span> 
     </span>
     <span class='ocr_line' id='line_1_20' title="bbox 190 2608 1253 2710; baseline 0 -23"><span class='ocrx_word' id='word_1_150' title='bbox 190 2617 229 2687; x_wconf 94' lang='lat' dir='ltr'>in</span> <span class='ocrx_word' id='word_1_151' title='bbox 247 2611 366 2685; x_wconf 89' lang='lat' dir='ltr'>medio</span> <span class='ocrx_word' id='word_1_152' title='bbox 388 2610 562 2710; x_wconf 83' lang='lat' dir='ltr'>Areopagi</span> <span class='ocrx_word' id='word_1_153' title='bbox 585 2624 702 2700; x_wconf 86' lang='lat' dir='ltr'>stans,</span> <span class='ocrx_word' id='word_1_154' title='bbox 729 2608 963 2684; x_wconf 86' lang='lat' dir='ltr'>Athenienses</span> <span class='ocrx_word' id='word_1_155' title='bbox 988 2609 1168 2686; x_wconf 69' lang='lat' dir='ltr'>idolatriae</span> <span class='ocrx_word' id='word_1_156' title='bbox 1193 2640 1253 2687; x_wconf 80' lang='lat' dir='ltr'>su·</span> 
     </span>
     <span class='ocr_line' id='line_1_21' title="bbox 188 2722 1254 2832; baseline -0.001 -31"><span class='ocrx_word' id='word_1_157' title='bbox 188 2728 392 2832; x_wconf 87' lang='lat' dir='ltr'>perstitioni</span> <span class='ocrx_word' id='word_1_158' title='bbox 404 2726 542 2801; x_wconf 88' lang='lat' dir='ltr'>deditos</span> <span class='ocrx_word' id='word_1_159' title='bbox 555 2722 808 2824; x_wconf 88' lang='lat' dir='ltr'>reprehendit,</span> <span class='ocrx_word' id='word_1_160' title='bbox 822 2740 859 2798; x_wconf 92' lang='lat' dir='ltr'>et</span> <span class='ocrx_word' id='word_1_161' title='bbox 875 2725 919 2798; x_wconf 90' lang='lat' dir='ltr'>de</span> <span class='ocrx_word' id='word_1_162' title='bbox 930 2751 988 2797; x_wconf 85' lang='lat' dir='ltr'>ara</span> <span class='ocrx_word' id='word_1_163' title='bbox 1007 2727 1046 2797; x_wconf 93' lang='lat' dir='ltr'>in</span> <span class='ocrx_word' id='word_1_164' title='bbox 1059 2751 1133 2826; x_wconf 85' lang='lat' dir='ltr'>qua</span> <span class='ocrx_word' id='word_1_165' title='bbox 1150 2729 1254 2828; x_wconf 86' lang='lat' dir='ltr'>scrip</span> 
     </span>
     <span class='ocr_line' id='line_1_22' title="bbox 189 2838 1254 2944; baseline -0.006 -23"><span class='ocrx_word' id='word_1_166' title='bbox 189 2866 268 2921; x_wconf 91' lang='lat' dir='ltr'>tum</span> <span class='ocrx_word' id='word_1_167' title='bbox 292 2861 369 2918; x_wconf 89' lang='lat' dir='ltr'>erat</span> <span class='ocrx_word' id='word_1_168' title='bbox 389 2845 550 2944; x_wconf 80' lang='lat' dir='ltr'>:Ignoto</span> <span class='ocrx_word' id='word_1_169' title='bbox 577 2841 676 2928; x_wconf 87' lang='lat' dir='ltr'>Deo,</span> <span class='ocrx_word' id='word_1_170' title='bbox 706 2840 806 2940; x_wconf 90' lang='lat' dir='ltr'>loqui</span> <span class='ocrx_word' id='word_1_171' title='bbox 836 2841 961 2939; x_wconf 89' lang='lat' dir='ltr'>coepit.</span> <span class='ocrx_word' id='word_1_172' title='bbox 989 2838 1078 2913; x_wconf 92' lang='lat' dir='ltr'>lnde</span> <span class='ocrx_word' id='word_1_173' title='bbox 1109 2842 1254 2915; x_wconf 91' lang='lat' dir='ltr'>initium</span> 
     </span>
     <span class='ocr_line' id='line_1_23' title="bbox 189 2958 1252 3064; baseline -0.007 -26"><span class='ocrx_word' id='word_1_174' title='bbox 189 2969 360 3064; x_wconf 86' lang='lat' dir='ltr'>iujunetae</span> <span class='ocrx_word' id='word_1_175' title='bbox 374 2961 441 3035; x_wconf 89' lang='lat' dir='ltr'>sibi</span> <span class='ocrx_word' id='word_1_176' title='bbox 454 2958 720 3060; x_wconf 72' lang='lat' dir='ltr'>praedicationis</span> <span class='ocrx_word' id='word_1_177' title='bbox 732 2959 901 3056; x_wconf 89' lang='lat' dir='ltr'>sumpsit,</span> <span class='ocrx_word' id='word_1_178' title='bbox 915 2960 1104 3057; x_wconf 88' lang='lat' dir='ltr'>Deumque</span> <span class='ocrx_word' id='word_1_179' title='bbox 1112 2982 1252 3047; x_wconf 81' lang='lat' dir='ltr'>verum,</span> 
     </span>
     <span class='ocr_line' id='line_1_24' title="bbox 188 3071 1255 3183; baseline -0.008 -29"><span class='ocrx_word' id='word_1_180' title='bbox 188 3084 251 3183; x_wconf 89' lang='lat' dir='ltr'>qui</span> <span class='ocrx_word' id='word_1_181' title='bbox 268 3080 357 3153; x_wconf 92' lang='lat' dir='ltr'>olim</span> <span class='ocrx_word' id='word_1_182' title='bbox 375 3081 518 3179; x_wconf 81' lang='lat' dir='ltr'>ignotus</span> <span class='ocrx_word' id='word_1_183' title='bbox 537 3073 676 3147; x_wconf 89' lang='lat' dir='ltr'>mundo</span> <span class='ocrx_word' id='word_1_184' title='bbox 694 3090 792 3162; x_wconf 89' lang='lat' dir='ltr'>erat,</span> <span class='ocrx_word' id='word_1_185' title='bbox 814 3073 1062 3161; x_wconf 82' lang='lat' dir='ltr'>annuntiavit,</span> <span class='ocrx_word' id='word_1_186' title='bbox 1082 3071 1255 3176; x_wconf 86' lang='lat' dir='ltr'>brevique</span> 
     </span>
     <span class='ocr_line' id='line_1_25' title="bbox 188 3189 1255 3289; baseline -0.008 -17"><span class='ocrx_word' id='word_1_187' title='bbox 188 3224 352 3274; x_wconf 84' lang='lat' dir='ltr'>sermone</span> <span class='ocrx_word' id='word_1_188' title='bbox 365 3195 477 3269; x_wconf 87' lang='lat' dir='ltr'>multa</span> <span class='ocrx_word' id='word_1_189' title='bbox 493 3189 798 3289; x_wconf 89' lang='lat' dir='ltr'>comprehendens</span> <span class='ocrx_word' id='word_1_190' title='bbox 812 3189 920 3263; x_wconf 88' lang='lat' dir='ltr'>fidem</span> <span class='ocrx_word' id='word_1_191' title='bbox 932 3207 968 3263; x_wconf 89' lang='lat' dir='ltr'>et</span> <span class='ocrx_word' id='word_1_192' title='bbox 980 3191 1255 3265; x_wconf 75' lang='lat' dir='ltr'>ressurectionis</span> 
     </span>
     <span class='ocr_line' id='line_1_26' title="bbox 187 3308 794 3417; baseline -0.023 -27"><span class='ocrx_word' id='word_1_193' title='bbox 187 3345 286 3417; x_wconf 87' lang='lat' dir='ltr'>spem</span> <span class='ocrx_word' id='word_1_194' title='bbox 304 3317 478 3388; x_wconf 85' lang='lat' dir='ltr'>instanter</span> <span class='ocrx_word' id='word_1_195' title='bbox 493 3308 704 3409; x_wconf 86' lang='lat' dir='ltr'>praedicavit</span> <span class='ocrx_word' id='word_1_196' title='bbox 723 3309 738 3406; x_wconf 93' lang='lat'>(</span> <span class='ocrx_word' id='word_1_197' title='bbox 764 3308 794 3405; x_wconf 87' lang='lat'>).</span> 
     </span>
    </p>

    <p class='ocr_par' dir='ltr' id='par_1_5' title="bbox 186 3422 1254 3757">
     <span class='ocr_line' id='line_1_27' title="bbox 236 3422 1254 3531; baseline -0.012 -23"><span class='ocrx_word' id='word_1_198' title='bbox 236 3440 341 3508; x_wconf 85' lang='lat' dir='ltr'>Tunc</span> <span class='ocrx_word' id='word_1_199' title='bbox 353 3429 545 3531; x_wconf 87' lang='lat' dir='ltr'>Dionysius</span> <span class='ocrx_word' id='word_1_200' title='bbox 556 3427 782 3525; x_wconf 86' lang='lat' dir='ltr'>Areopagita,</span> <span class='ocrx_word' id='word_1_201' title='bbox 798 3441 834 3497; x_wconf 90' lang='lat' dir='ltr'>et</span> <span class='ocrx_word' id='word_1_202' title='bbox 847 3423 978 3496; x_wconf 90' lang='lat' dir='ltr'>mulier</span> <span class='ocrx_word' id='word_1_203' title='bbox 987 3427 1063 3521; x_wconf 88' lang='lat' dir='ltr'>ejus</span> <span class='ocrx_word' id='word_1_204' title='bbox 1078 3422 1254 3513; x_wconf 79' lang='lat' dir='ltr'>Damaris,</span> 
     </span>
     <span class='ocr_line' id='line_1_28' title="bbox 186 3540 1252 3655; baseline -0.012 -28"><span class='ocrx_word' id='word_1_205' title='bbox 186 3556 318 3655; x_wconf 88' lang='lat' dir='ltr'>aliique</span> <span class='ocrx_word' id='word_1_206' title='bbox 348 3577 431 3623; x_wconf 87' lang='lat' dir='ltr'>cum</span> <span class='ocrx_word' id='word_1_207' title='bbox 464 3547 514 3621; x_wconf 87' lang='lat' dir='ltr'>eis</span> <span class='ocrx_word' id='word_1_208' title='bbox 543 3543 784 3630; x_wconf 86' lang='lat' dir='ltr'>adhaerentes,</span> <span class='ocrx_word' id='word_1_209' title='bbox 816 3540 980 3640; x_wconf 89' lang='lat' dir='ltr'>apostolo</span> <span class='ocrx_word' id='word_1_210' title='bbox 1006 3540 1252 3614; x_wconf 87' lang='lat' dir='ltr'>crediderunt.</span> 
     </span>
     <span class='ocr_line' id='line_1_29' title="bbox 187 3654 1251 3757; baseline -0.014 -16"><span class='ocrx_word' id='word_1_211' title='bbox 187 3669 325 3744; x_wconf 90' lang='lat' dir='ltr'>Deinde</span> <span class='ocrx_word' id='word_1_212' title='bbox 345 3668 475 3738; x_wconf 90' lang='lat' dir='ltr'>Paulus</span> <span class='ocrx_word' id='word_1_213' title='bbox 492 3660 537 3734; x_wconf 90' lang='lat' dir='ltr'>ab</span> <span class='ocrx_word' id='word_1_214' title='bbox 554 3659 705 3733; x_wconf 90' lang='lat' dir='ltr'>Athenis</span> <span class='ocrx_word' id='word_1_215' title='bbox 722 3683 878 3757; x_wconf 80' lang='lat' dir='ltr'>egressus</span> <span class='ocrx_word' id='word_1_216' title='bbox 894 3654 1114 3731; x_wconf 88' lang='lat' dir='ltr'>Corinthum</span> <span class='ocrx_word' id='word_1_217' title='bbox 1130 3657 1251 3744; x_wconf 87' lang='lat' dir='ltr'>venit,</span> 
     </span>
    </p>
   </div>
   <div class='ocr_carea' id='block_1_4' title="bbox 188 3770 1253 3881">
    <p class='ocr_par' dir='ltr' id='par_1_6' title="bbox 188 3770 1253 3881">
     <span class='ocr_line' id='line_1_30' title="bbox 188 3770 1253 3881; baseline -0.013 -22"><span class='ocrx_word' id='word_1_218' title='bbox 188 3804 223 3860; x_wconf 90' lang='lat' dir='ltr'>et</span> <span class='ocrx_word' id='word_1_219' title='bbox 246 3785 506 3881; x_wconf 87' lang='lat' dir='ltr'>Judaeis&#39;atque</span> <span class='ocrx_word' id='word_1_220' title='bbox 530 3779 662 3850; x_wconf 86' lang='lat' dir='ltr'>Graecis</span> <span class='ocrx_word' id='word_1_221' title='bbox 686 3777 808 3849; x_wconf 89' lang='lat' dir='ltr'>Jesum</span> <span class='ocrx_word' id='word_1_222' title='bbox 828 3773 1012 3846; x_wconf 89' lang='lat' dir='ltr'>Christum</span> <span class='ocrx_word' id='word_1_223' title='bbox 1035 3798 1108 3846; x_wconf 79' lang='lat' dir='ltr'>esse</span> <span class='ocrx_word' id='word_1_224' title='bbox 1125 3770 1253 3845; x_wconf 85' lang='lat' dir='ltr'>testifi-</span> 
     </span>
    </p>
   </div>
   <div class='ocr_carea' id='block_1_5' title="bbox 188 4014 614 4029">
    <p class='ocr_par' dir='ltr' id='par_1_7' title="bbox 188 4014 614 4029">
     <span class='ocr_line' id='line_1_31' title="bbox 188 4014 614 4029; baseline -0.014 -3"><span class='ocrx_word' id='word_1_225' title='bbox 188 4022 193 4027; x_wconf 95' lang='lat'>.</span> <span class='ocrx_word' id='word_1_226' title='bbox 209 4014 614 4029; x_wconf 42' lang='grc' dir='ltr'>...ψ-*ρ*-</span> 
     </span>
    </p>
   </div>
   <div class='ocr_carea' id='block_1_6' title="bbox 222 4153 799 4230">
    <p class='ocr_par' dir='ltr' id='par_1_8' title="bbox 222 4153 799 4230">
     <span class='ocr_line' id='line_1_32' title="bbox 222 4153 799 4230; baseline -0.016 -15"><span class='ocrx_word' id='word_1_227' title='bbox 222 4173 228 4207; x_wconf 81' lang='lat' dir='ltr'>t</span> <span class='ocrx_word' id='word_1_228' title='bbox 238 4172 259 4223; x_wconf 73' lang='lat' dir='ltr'>it</span> <span class='ocrx_word' id='word_1_229' title='bbox 280 4164 343 4214; x_wconf 80' lang='lat' dir='ltr'>Act.</span> <span class='ocrx_word' id='word_1_230' title='bbox 356 4169 445 4230; x_wconf 79' lang='lat' dir='ltr'>apost.</span> <span class='ocrx_word' id='word_1_231' title='bbox 460 4176 517 4224; x_wconf 74' lang='lat' dir='ltr'>xri,</span> <span class='ocrx_word' id='word_1_232' title='bbox 538 4157 656 4221; x_wconf 83' lang='lat' dir='ltr'>16-xvu,</span> <span class='ocrx_word' id='word_1_233' title='bbox 671 4153 714 4208; x_wconf 80' lang='lat'>31.</span> <span class='ocrx_word' id='word_1_234' title='bbox 732 4153 799 4224; x_wconf 76' lang='lat'>(52.)</span> 
     </span>
    </p>
   </div>
   <div class='ocr_carea' id='block_1_7' title="bbox 0 0 1452 4958">
    <p class='ocr_par' dir='ltr' id='par_1_9' title="bbox 0 0 1452 4958">
     <span class='ocr_line' id='line_1_33' title="bbox 0 0 1452 4958; baseline 0 0"><span class='ocrx_word' id='word_1_235' title='bbox 0 0 1452 4958; x_wconf 95' lang='lat' dir='ltr'> </span> 
     </span>
    </p>
   </div>
  </div>
 </body>
</html>
