2894 4958
542 441 659 503 LIBER
678 441 889 504 SECUNDUS.
1191 446 1247 505 nst

184 587 271 663 ergo
288 560 406 633 luctus
430 560 544 634 factus
567 576 640 649 est,
666 578 703 635 et
724 561 887 659 apostolo
912 576 1020 662 atque
1044 561 1252 659 proconsuli

183 678 326 755 subitus
350 695 499 752 eventus
526 679 714 751 nuntiatus
740 693 805 751 est.
831 677 981 751 Nutrice
1003 691 1143 765 autem,
1169 703 1252 778 quae

183 821 262 897 prae
275 808 458 868 senectute
471 791 637 867 manibus
647 793 801 867 aliorum
816 791 1043 892 portabam,
1058 818 1127 892 pro
1138 819 1254 866 resus-

186 912 357 985 citatione
370 910 511 984 Calistae
524 910 729 1011 apostolum
742 927 919 1012 rogante,'
932 910 1094 1012 quamvis
1111 910 1168 982 vir
1179 913 1254 1010 ejus

185 1029 329 1102 saeviret
353 1053 423 1128 pro
448 1029 638 1102 commisso
663 1029 760 1129 gravi
789 1029 976 1122 facinore,
1004 1030 1103 1102 mitis
1135 1043 1254 1102 umen

185 1145 370 1248 apostolus
387 1171 518 1247 corpus
541 1148 580 1220 in
604 1146 764 1219 medium
785 1145 944 1221 exhiberi
958 1147 1087 1247 jussit,
1108 1161 1144 1220 et
1160 1164 1258 1219 ecoe*

185 1264 276 1339 dens
306 1282 390 1363 post
415 1264 618 1338 orationem
642 1279 750 1364 caput
774 1263 936 1338 mulieris
957 1265 1089 1364 tetigit.
1113 1262 1232 1361 Surge
1240 1278 1256 1354 '‚'

186 1383 326 1484 inquit,
355 1385 394 1456 in
420 1384 567 1456 nomine
591 1382 685 1457 Jesu
713 1383 851 1460 Christi
876 1384 952 1455 Dei
976 1385 1060 1456 rrs'ei.
1085 1383 1261 1456 Protinus

185 1500 320 1573 mulier
332 1499 506 1587 surrexit,
519 1514 556 1573 et
568 1525 651 1572 cum
664 1500 825 1574 Trofima
836 1499 1015 1600 pacificari
1030 1499 1170 1600 petivit.
1185 1499 1259 1571 Lis-

185 1612 271 1688 bius
287 1615 407 1716 itaque
422 1616 638 1714 proconsul,
655 1617 738 1688 visis
751 1615 978 1691 mirabilibus
991 1617 1077 1705 Ilei,
1096 1642 1162 1717 per
1175 1642 1259 1716 apo-

187 1731 325 1805 stolum
336 1731 374 1803 in
392 1728 461 1804 fide
473 1731 647 1830 profecit,
663 1746 700 1806 et
712 1732 870 1805 consiliis
886 1731 1038 1832 apostoli
1050 1722 1205 1806 fideliter
1219 1731 1257 1802 in

187 1846 361 1924 omnibus
378 1846 654 1948 obtemperavit.

163 2023 166 2027 .
239 1963 401 2058 Quadam
418 1965 496 2055 die,
517 1966 605 2040 dum
621 1967 729 2040 simul
747 1967 784 2040 in
801 1966 926 2047 littore
942 1965 1202 2054 consedissent,
1222 1979 1260 2039 et

188 2082 312 2183 plures
327 2080 469 2157 'ibidem
489 2082 615 2158 abore
637 2084 789 2186 apostoli
810 2084 964 2159 verbum
985 2085 1049 2159 Ilei
1069 2083 1261 2184 diligenter

189 2197 377 2288 audirent3
393 2225 474 2273 ecce
491 2201 638 2276 cadaver
651 2229 671 2274 a
684 2203 775 2274 mari
791 2217 876 2277 ante
890 2199 996 2302 pedes
1008 2201 1159 2303 apostoli
1174 2203 1261 2300 ejec-

191 2314 273 2389 tum
286 2333 359 2404 est,
375 2347 393 2390 a
411 2344 486 2420 quo
501 2345 588 2395 mox
604 2320 680 2394 fusa
698 2347 805 2421 prece
823 2320 867 2393 ad
880 2324 996 2394 Deum
1012 2320 1263 2393 resuscitatum

191 2449 260 2508 est.
280 2433 492 2536 Philopator
508 2438 643 2538 quippe
657 2437 854 2513 vocabatur
878 2437 971 2512 idem
986 2438 1148 2537 juvenis,
1168 2433 1263 2508 filius

194 2552 346 2628 Sostrati
361 2554 447 2627 ciris
460 2554 678 2629 Macedonis.
692 2555 819 2630 Flente
832 2579 876 2629 eo
886 2581 956 2654 pro
973 2555 1077 2628 sociis
1093 2554 1156 2656 qui
1170 2551 1265 2624 lluc-

194 2667 292 2741 tibus
302 2665 462 2769 absorpti
472 2672 630 2761 fuerant,
640 2688 676 2745 et
686 2673 922 2773 supplicante,
934 2671 1117 2772 apostolus
1127 2669 1243 2744 oravit
1249 2720 1261 2757 ,

195 2783 363 2886 undaque
386 2784 581 2862 famulante
602 2788 746 2863 devecta
766 2815 884 2863 xxx1x
901 2814 1053 2887 corpora
1076 2786 1265 2860 resuscita·

195 2900 264 2988 rit3
282 2901 332 2973 ita
351 2918 391 2974 ut
406 2903 603 3004 unicuique
616 2903 771 2977 fratrum
784 2903 930 3004 juberet
947 2930 1060 2975 unum
1077 2917 1265 2974 mortuum

196 3031 338 3105 tenere,
364 3021 468 3120 eique
490 3019 609 3094 dicere
635 3053 644 3094 ε
671 3024 874 3097 Resuscitet
902 3039 935 3094 te
960 3023 1067 3095 Jesus
1099 3019 1265 3092 Christus

187 3130 296 3229 filius
313 3136 387 3209 Dei
401 3140 488 3213 ciri.
512 3139 571 3211 Sic
592 3164 710 3213 xxxix
727 3141 795 3213 riri
816 3140 1027 3214 revixerunt
1048 3152 1086 3212 et
1101 3136 1267 3236 omnipo-

200 3266 337 3326 tentem
354 3253 466 3327 Ileum
484 3255 793 3356 glorificaverunt.

244 3369 334 3441 Post
355 3370 466 3443 multa
490 3374 589 3472 signa
615 3389 652 3447 et
675 3372 772 3449 bona
796 3399 926 3473 opera,
953 3398 1035 3473 quae
1058 3369 1266 3470 singillatim

200 3511 366 3559 enarrare
395 3513 559 3590 nequeo,
591 3490 716 3565 beatus
745 3489 905 3565 Andreas
934 3489 1116 3591 apostolus
1145 3491 1267 3561 Patras

200 3602 308 3675 venit¹
324 3606 398 3701 (1),
424 3602 487 3677 ubi
515 3606 712 3680 Maximilla
744 3608 900 3706 graviter
927 3602 1143 3708 aegrotabat,
1174 3627 1269 3675 uxor

201 3717 307 3818 Egeae
329 3722 384 3817 (a)
410 3723 652 3819 proconsulis,
679 3725 742 3824 qui
766 3722 888 3800 Lisbio
909 3737 1136 3797 successerat.
1163 3722 1268 3793 Tunc

233 4037 273 4107 (t)
293 4036 401 4091 Dansla
411 4037 527 4112 legende
538 4041 685 4116 originale,
697 4042 986 4100 saintnndrsrevient
995 4043 1011 4095 a
1021 4040 1127 4109 Patras,
1142 4037 1220 4112 apres
1229 4053 1269 4091 un

203 4127 328 4196 voyage&
338 4124 475 4181 Corintho
484 4131 541 4187 et'a
555 4131 676 4205 Me'gare.

235 4211 275 4285 (a)
293 4213 369 4268 lisca
384 4239 390 4268 z
407 4216 541 4288 Agentes.
