2894 4958
192 423 255 487 256
467 422 975 489 nlstomancctttsnsttct.

192 543 302 616 nibus
316 543 548 635 demetunt,
571 547 760 647 ipsumque
776 560 922 645 turpem
938 561 985 622 et·
996 549 1249 647 apostaticum,

191 657 427 733 nosocomos
452 660 487 733 ei
510 657 823 760 obtempemrent3
844 659 890 735 ad
912 662 969 735 sni
986 661 1251 740 &montionem

190 776 432 850 mernerunt
450 773 614 876 Cumque
633 775 759 853 Simon
779 777 981 851 mimietm
1002 788 1042 853 'se
1062 780 1253 855 minum

190 891 430 992 angelosssnos
445 890 491 965 ad
505 890 732 992 puniendum
748 892 915 983 Petmm,
932 892 1096 970 Pennas
1113 896 1254 972 Notene

191 1011 499 1111 secretopetiitnt
503 1006 652 1109 juberet
661 1007 730 1084 sibi
742 1010 1253 1111 penembonienoeumafl'emi

190 1141 238 1201 ot.
253 1127 395 1202 occulte
418 1128 521 1200 dari..
538 1126 621 1221 Quo
643 1127 761 1218 facto,
787 1128 925 1203 Petrus
940 1154 1073 1229 ponent
1098 1130 1252 1232 aceepit,

189 1243 396 1333 benedixit,
413 1244 524 1345 fregit
539 1258 577 1319 et
592 1242 899 1321 submanioosm
915 1245 1130 1340 abaoondst,
1151 1264 1255 1353 atque

188 1388 210 1433 a
220 1386 327 1460 mago
337 1363 495 1460 jactante
508 1387 545 1435 se
558 1361 623 1435 Dei
638 1361 758 1437 filium
767 1388 859 1453 esse,
877 1363 967 1465 quid
979 1363 1116 1441 feoetit
1126 1366 1255 1463 instao

190 1493 247 1553 ten
263 1478 463 1579 inquisivit.
482 1479 587 1551 Tune
606 1478 757 1575 Simon,
784 1480 990 1583 indignatus
1013 1482 1119 1585 quod
1140 1502 1254 1559 seete-

190 1610 270 1669 tom
279 1593 431 1696 apostoli
441 1619 518 1669 non
528 1609 647 1695 posset
654 1595 773 1671 dicem
779 1596 1035 1687 ,vociferando
1037 1600 1254 1700 jussitmnes

188 1734 348 1811 magnos,
359 1709 553 1810 procedere
564 1764 577 1801 ,
603 1725 641 1785 et
662 1713 818 1787 Petrum·
834 1712 873 1785 in
897 1728 1095 1813 conspeetu
1112 1714 1254 1789 Gmssris

188 1827 373 1904 devoram.
405 1829 500 1904 Eooe
532 1855 636 1904 onnes
664 1831 769 1903 mirae
797 1820 1057 1931 magnitudinis
1088 1833 1253 1934 protinus

186 1962 452 2048 appamenunt,
478 1960 517 2022 et
541 1948 580 2021 in
607 1946 757 2022 Petrum
782 1949 960 2050 impetum
985 1947 1169 2025 feneramt.
1194 1950 1251 2025 nt

187 2090 276 2140 voro
290 2062 443 2165 genibus
460 2063 499 2136 in
517 2078 612 2138 ten-a
629 2065 775 2163 positis,
793 2064 915 2139 ambos
928 2092 1063 2140 manus·
1073 2066 1248 2157 extendit,

186 2194 226 2254 et
244 2204 375 2279 panem
393 2204 503 2280 quem
518 2178 752 2255 benedixemt
766 2180 940 2255 ostendit.
960 2181 1080 2276 Quem
1095 2197 1140 2257 nt
1155 2206 1249 2258 mne

190 2295 374 2387 viderunt,
392 2295 515 2370 subito
534 2321 715 2397 nusquam
736 2316 1033 2398 eompameront,
1054 2300 1119 2373 Sic
1135 2326 1249 2403 magns

185 2415 354 2489 omnium
378 2410 539 2488 ludibrio
565 2413 754 2489 manifeste
781 2417 917 2517 patuit,
948 2418 1014 2518 qui
1040 2418 1190 2521 angelos
1208 2420 1247 2492 ¹in

187 2529 393 2632 apostolum
406 2544 580 2604 ventttros
594 2530 829 2630 promiserat,
847 2558 952 2607 onnes
966 2526 1156 2625 exhibuit3
1168 2558 1248 2610 seso·

186 2674 259 2750 que
281 2672 359 2723 non
382 2644 544 2737 divinos,
562 2644 626 2720 sed
647 2647 797 2722 moines
814 2644 945 2724 bahem
962 2649 1113 2751 angelos
1130 2676 1247 2727 mons·

187 2767 309 2840 travit.
1008 2762 1012 2771 ’
1147 2790 1152 2799 ·

235 2883 398 2957 Tandem
416 2883 565 2958 Simone
579 2906 686 2982 mago
702 2882 742 2955 in
758 2874 884 2956 multis
899 2883 1040 2958 natione
1055 2884 1244 2962 verbomn

187 2999 233 3075 ab
249 2999 419 3101 apostolis
435 2996 646 3088 confutato,
666 2998 765 3072 Nem
784 2998 892 3098 jussit
914 3000 1093 3075 exoelsam
1116 3017 1243 3078 turrem

185 3117 355 3193 fabricari
370 3143 416 3191 ex
431 3117 539 3216 lignis
555 3116 594 3189 in
613 3140 740 3215 campo
765 3115 914 3191 Martio.
940 3115 1065 3191 Altera
1087 3144 1177 3195 vero
1196 3118 1243 3193 die

186 3241 307 3308 Caesar
326 3248 364 3308 et
378 3247 519 3306 senatus
538 3246 576 3304 et
593 3232 732 3331 equites
746 3233 908 3323 τοιιιαιιί,Ι
925 3230 1121 3335 omnisque
1134 3260 1243 3337 popu·

185 3353 241 3426 ius
249 3405 261 3442 ‚
276 3349 321 3425 ad
333 3347 575 3450 spectaculum
588 3365 839 3422 convenerunt
844 3376 855 3440 ς
871 3364 907 3424 et
917 3350 1096 3451 apostoli,
1110 3354 1241 3429 Nemee

182 3469 353 3570 jubente,
367 3466 508 3543 adducti
522 3481 619 3538 sunt.
637 3467 742 3538 'tnnc
755 3466 882 3540 Simon
895 3467 1028 3539 turrim
1038 3492 1167 3543 comm
1177 3494 1240 3545 om

184 3586 295 3661 nibus
322 3583 500 3675 aseendit,
529 3583 703 3684 lauroque
732 3600 925 3659 coronatus
953 3608 1098 3661 sursum
1128 3610 1239 3663 manos

185 3700 365 3790 extendit,
384 3701 476 3774 etin
500 3700 613 3773 altum
634 3700 757 3775 volare
778 3701 904 3800 coepit.
923 3700 1052 3774 Paulus
1071 3702 1174 3777 flexis
1191 3726 1238 3803 ge·

187 3818 294 3891 nibus
310 3845 431 3893 coram
454 3819 555 3891 omni
578 3819 714 3917 populo
736 3819 935 3893 Dominum
958 3817 1107 3912 orabat3
1126 3825 1237 3897 Petro

186 3963 271 4012 vero
295 3935 622 4011 machinationibus
639 3938 796 4011 Simonis
815 3935 1044 4029 intendebat,
1064 3956 1102 4015 et
1123 3962 1236 4040 oppor-

188 4071 318 4127 tunum
348 4068 488 4153 tempus
517 4053 650 4128 divinae
680 4056 829 4128 ultionis
854 4081 998 4128 securus
1025 4055 1232 4157 expectabat.
