2894 4958
539 338 657 403 LIBER
676 340 886 402 SECUNDUS.
1193 338 1252 404 355

183 459 378 547 diderunt‚
401 458 492 532 idola
512 486 570 532 sua
593 458 867 547 destruxerunt,
896 459 1067 559 lucosque
1092 461 1253 537 succide-

184 592 294 667 runt,
313 593 350 650 et
366 577 404 650 in
420 576 568 649 nomine
590 574 755 662 Domini,
780 575 843 674 qui
870 589 923 648 est
941 576 1058 647 trinus
1079 591 1115 650 et
1136 604 1251 670 unus,

183 694 359 794 baptizati
379 709 477 766 sunt.

235 810 376 884 Dehinc
389 807 567 883 revelatur
579 809 610 881 ei
628 833 692 907 per
705 809 881 908 Spiritum
894 811 1067 882 Sanctum
1078 825 1120 882 ut
1130 837 1254 912 perge-

184 943 244 1002 ret
254 928 298 1000 ad
312 926 536 1002 Alexandriae
553 924 712 1024 phanum
725 931 791 1023 (ι’).
806 929 945 1001 Marcus
960 929 1070 1028 igitur
1081 929 1253 1003 fratribus

185 1046 375 1134 valedixit,
400 1060 438 1117 et
459 1043 559 1144 quod
581 1044 611 1116 ei
639 1043 811 1118 divinitus
832 1045 1028 1121 revelatum
1050 1047 1168 1121 fuerat
1188 1049 1254 1123 de-

183 1165 291 1237 texit.
317 1163 365 1235 At
390 1163 441 1236 illi
467 1188 578 1263 usque
601 1162 645 1233 ad
663 1187 792 1235 navem
815 1163 931 1262 ipsum
949 1167 1128 1264 prosecuti
1147 1184 1252 1258 sunt,

186 1295 334 1352 etcum
359 1305 404 1353 eo
431 1305 558 1378 panem
586 1276 840 1351 manducantes
867 1278 1093 1353 dimiserunt.
1125 1282 1257 1354 Domi-

186 1423 277 1486 nus,
299 1395 489 1496 inquiunt,
512 1396 618 1467 Jcsus
643 1394 808 1469 Clinicus
820 1423 1037 1498 prosperum
1050 1397 1178 1492 faciat
1191 1401 1258 1470 iter

188 1532 303 1588 tuum.
332 1514 397 1588 Die
419 1529 540 1587 autem
562 1513 717 1611 septimo
740 1513 992 1587 Alexandriam
1011 1516 1194 1614 pervenit,
1221 1530 1257 1590 et

186 1632 231 1706 de
256 1632 417 1706 navicula
442 1657 598 1732 egressus
626 1630 670 1702 ad
697 1629 826 1705 urbem
851 1633 1070 1731 properavit.
1100 1634 1187 1707 Mox
1216 1650 1257 1707 ut

188 1751 371 1825 civitatem
389 1752 566 1851 ingressus
583 1763 654 1838 est,
674 1748 946 1823 calciamentum
962 1753 1036 1848 ejus
1052 1749 1256 1850 disruptum

188 1883 255 1942 est.
285 1871 330 1942 V
324 1896 380 1942 em
385 1923 399 1959 ,
423 1869 562 1969 inquit,
588 1873 656 1939 iter
677 1893 796 1939 meum
818 1866 1030 1967 expeditum
1048 1884 1114 1939 est.

235 1986 375 2061 Deinde
384 1983 509 2060 beatus
521 1986 578 2056 vir
591 1984 865 2059 calciamentum
879 1984 1020 2057 cuidam
1033 1986 1146 2058 sutori
1161 2000 1257 2059 vete-

188 2130 272 2177 rum
290 2105 438 2178 nomine
464 2104 607 2177 Aninno
629 2101 884 2203 corrigendum
906 2101 1072 2188 tradidit3
1091 2104 1153 2203 qui
1175 2129 1259 2177 cum

190 2221 396 2320 injunctum
411 2245 502 2319 opus
524 2216 677 2304 laceret,
697 2218 878 2291 sinistram
896 2242 1045 2291 manum
1061 2244 1160 2290 suam
1178 2218 1259 2293 for·-

191 2335 279 2409 titer
301 2335 521 2422 vulneravit,
550 2350 587 2408 et
610 2335 780 2433 protinus
806 2332 1051 2406 exclamavit:
1080 2335 1181 2408 Unus
1208 2352 1261 2409 est

189 2454 304 2526 Deus.
324 2453 431 2547 Quod
450 2465 492 2524 ut
508 2450 633 2524 beatus
650 2452 789 2524 Marcus
808 2450 963 2540 audivit,
985 2450 1142 2551 gaudens
1164 2453 1259 2526 intra

189 2595 227 2643 se
250 2568 345 2642 dixit
360 2597 369 2639 ε
384 2568 709 2673 Prosperumfecit
726 2572 792 2640 iter
809 2593 928 2639 meum
943 2567 1139 2640 Dominus.
1162 2570 1258 2643 Con·

190 2687 298 2758 tinuo
314 2685 350 2757 in
366 2685 546 2759 dextemm
567 2708 665 2755 suam
683 2683 825 2779 expuit,
844 2707 1065 2782 manumque
1086 2683 1154 2755 viri
1171 2710 1259 2782 per-

190 2805 379 2902 unguens(
383 2803 419 2900 2)
432 2801 524 2873 dixit
536 2828 544 2868 :
556 2801 603 2870 In
614 2799 755 2870 nomine
766 2797 797 2870 J
796 2825 858 2869 esu
874 2796 1092 2892 Christistlii
1102 2799 1176 2872 Dei
1184 2804 1261 2875 os'ri

190 2932 343 2991 sanetur
359 2942 490 2988 manus
517 2917 601 2987 ista.
626 2915 676 2986 Et
701 2912 893 2985 confestim
914 2928 1032 2986 sanata
1057 2928 1121 2987 est.
1147 2915 1258 2989 Sutor

193 3034 315 3133 itaque
336 3030 564 3105 considerans
582 3031 671 3101 tanti
691 3029 759 3101 viri
781 3029 982 3127 potentiam
1004 3043 1041 3102 et
1058 3029 1159 3104 verbi
1184 3035 1258 3132 ejus

190 3150 400 3237 efficaciam,
420 3149 576 3250 viteque
594 3147 855 3221 continentiam
865 3200 876 3236 ,
900 3144 1101 3220 obsecravit
1116 3175 1199 3222 eum
1217 3165 1259 3224 ut

193 3266 231 3339 in
245 3263 397 3337 domum
411 3288 511 3336 susm
524 3262 740 3353 declinaret,
755 3289 956 3363 panemque
972 3288 1056 3335 cum
1073 3289 1115 3338 eo
1135 3289 1258 3339 come-

191 3379 307 3455 deret.
324 3382 445 3455 Laetns
459 3406 547 3480 ergo
564 3381 705 3453 Marcus
721 3381 896 3481 ingressus
918 3380 1069 3454 domum
1087 3378 1257 3454 benedic-

192 3496 332 3571 tionem
360 3495 460 3570 dedit
488 3512 525 3569 et
554 3496 756 3570 orationem
780 3495 897 3584 fudit,
929 3520 1121 3596 veramque
1150 3494 1257 3569 iidem

190 3614 419 3689 audientibus
442 3615 712 3712 evangelizavit,
730 3631 766 3688 et
782 3613 991 3713 sapientiam
1006 3613 1109 3712 hujus
1129 3615 1255 3688 mundi

191 3732 382 3806 stultitiam
412 3756 487 3806 esse
515 3730 610 3830 apud
640 3732 838 3806 Dominum
868 3731 1029 3804 asseruit.
1063 3731 1256 3806 Veracibus

224 4051 264 4120 (1)
283 4047 361 4103 Nous
375 4065 493 4121 pensons
506 4049 607 4121 que'ce
619 4057 677 4104 mot
692 4058 734 4104 est
746 4046 870 4120 employe
883 4046 918 4101 ici
931 4064 1039 4102 comme
1053 4063 1203 4120 synonyme
1219 4049 1254 4104 de

191 4139 306 4210 pharus.

225 4230 265 4301 (a)
282 4228 359 4287 Lissa
373 4251 378 4284 :
393 4246 561 4304 perungens.
