2894 4958
201 412 262 475 lto
477 410 661 472 HISTORIA
682 409 989 472 Ecctsssllsulca.

200 537 288 623 ciat;
314 532 562 632 apocrisiarios
588 546 721 606 sanctae
746 557 908 606 romanae
930 529 1088 605 ecclesiae
1099 584 1111 621 ,
1140 534 1205 632 qui
1229 532 1269 606 ad

201 653 277 749 ejus
298 647 561 723 correctionem
579 649 679 721 missi
703 648 866 737 fuerant,
894 646 1028 746 partim
1045 645 1267 736 carceribus,

200 765 333 866 partim
343 765 471 856 exiliis,
482 768 615 865 partim
631 763 843 839 verberibus
855 765 1023 840 afficiens.
1033 764 1102 838 Sed
1116 781 1153 838 et
1162 765 1269 841 altore

199 909 326 957 eorum
345 884 384 956 in
401 883 511 958 domo
536 883 702 957 Placidiae
720 899 897 957 sacratum
915 886 954 957 in
971 882 1171 958 venerabili
1187 909 1270 958 ora-

200 998 285 1075 culo
298 998 510 1075 subvertens
526 1001 698 1102 diripuit,
718 1000 915 1102 prohibens
928 1028 988 1076 eos
1003 1000 1138 1076 ibidem
1150 1004 1270 1076 missus

199 1122 393 1197 celebrare.
416 1122 522 1197 Unde
539 1138 575 1197 et
593 1124 688 1223 ipse,
708 1124 799 1197 sicut
813 1122 1089 1224 praedecessores
1102 1122 1214 1214 illius,
1226 1123 1270 1197 ab

197 1240 395 1340 apostolica
425 1239 507 1314 sede
527 1243 623 1340 justa
652 1241 887 1342 depositionis
916 1241 1057 1316 ultione
1083 1239 1269 1315 damnatus

197 1356 285 1453 est(
310 1356 341 1455 ).

247 1473 506 1547 Constantinus
532 1474 627 1548 filius
655 1476 885 1550 Constantini
911 1477 1014 1550 annis
1040 1501 1177 1550 xxvrn.
1204 1475 1270 1549 llic

197 1589 398 1691 deceptusa
415 1593 548 1682 Paulo,
572 1594 666 1666 sicut
680 1593 865 1667 Heraclius
880 1620 966 1667 avus
992 1597 1066 1693 ejus
1082 1620 1102 1665 a
1119 1593 1264 1694 Sergio,

197 1706 354 1805 ejusdem
370 1709 479 1808 regiae
497 1709 651 1781 civitatis
664 1709 854 1809 episcopo,
873 1709 1041 1810 exposuit
1057 1725 1190 1809 typum
1207 1708 1268 1781 ad·

195 1850 319 1899 versus
336 1825 547 1901 catholicam
564 1827 672 1901 fidem
693 1858 701 1899 ε
719 1852 786 1901 nec
802 1852 912 1900 unum
921 1879 933 1916 ,
952 1853 1020 1900 nec
1036 1827 1125 1899 duas
1135 1824 1268 1902 voluu-

196 1956 304 2033 tates,
321 1958 384 2016 aut
406 1945 634 2044 operationes
652 1944 690 2017 in
709 1942 854 2018 Christo
873 1943 1048 2018 definiens
1066 1969 1142 2017 esse
1158 1942 1268 2018 conli-

195 2060 338 2151 tendas3
360 2064 460 2163 quasi
479 2063 572 2136 nihil
589 2063 698 2152 velle,
722 2062 780 2136 vel
803 2063 966 2162 operari,
997 2059 1198 2136 credendus
1223 2060 1267 2134 sit

194 2175 373 2250 Christus.
389 2177 494 2252 Unde
510 2178 690 2251 Martinus
702 2204 811 2278 papa,
833 2192 1047 2278 congregata
1064 2177 1195 2250 Roma
1207 2202 1267 2277 sy·

194 2292 294 2367 nodo
311 2308 458 2366 centum
478 2293 642 2393 quinque
662 2294 979 2392 coepiscoporum,
999 2291 1187 2364 damnavit
1203 2286 1266 2364 sub

195 2407 420 2483 anathemate
438 2409 607 2509 praesatos
624 2409 781 2511 Cyrum,
801 2409 966 2510 Sergium
983 2423 1019 2481 et
1035 2405 1222 2508 Pyrrhum
1233 2421 1266 2481 et

193 2524 345 2599 Paulum
370 2524 571 2601 haereticos.
589 2527 719 2600 Missus
736 2552 823 2626 ergo
839 2542 923 2626 post
946 2524 1024 2599 haec
1049 2523 1095 2597 ab
1115 2526 1268 2625 impera-

195 2656 275 2716 tore
293 2641 507 2717 Theodorus
531 2641 722 2732 exarchus,
749 2641 835 2715 tulit
857 2642 1057 2715 Martinum
1075 2667 1210 2740 papam
1224 2641 1265 2714 de

194 2760 339 2832 ecclesia
374 2759 696 2848 Constantiniana,
728 2759 970 2859 perduxitque
1002 2758 1266 2833 Constantino-

192 2877 320 2976 polim.
340 2877 410 2972 Qui
424 2891 507 2977 post
521 2875 598 2949 haec
615 2876 792 2974 relegatus
806 2874 1026 2949 Chersonam
1035 2930 1046 2963 ,
1068 2873 1206 2950 ibidem
1217 2876 1268 2949 vi·

194 3010 266 3067 tam
294 2994 436 3085 finivit,
463 2994 588 3068 multis
616 2995 654 3065 in
687 2993 811 3067 eodem
843 2994 926 3067 loco
952 2995 1133 3066 virtutum
1156 2996 1265 3096 signis

191 3140 305 3213 usquc
315 3110 421 3186 hodie
431 3112 624 3212 refulgens.
637 3113 742 3184 Facta
754 3129 807 3185 est
817 3128 936 3185 autem
947 3112 1094 3211 praefata
1107 3112 1264 3211 synodus

224 3474 263 3545 (1)
281 3475 322 3544 (ιι
337 3469 487 3527 semler-25
498 3473 551 3526 urai
564 3470 637 3542 641).
652 3472 741 3527 Notre
759 3482 858 3526 auteur
870 3472 934 3525 s’est
948 3470 1005 3547 sort
1016 3469 1184 3526 embrouille
1195 3471 1263 3529 dam

189 3574 261 3619 cette
282 3565 371 3637 partie
392 3563 427 3619 de
449 3581 490 3617 ses
509 3573 588 3618 notes
605 3563 848 3636 chronologiqnes.
870 3560 945 3616 Beue
964 3560 1005 3614 lui
1024 3580 1059 3615 eu
1079 3563 1154 3617 avait
1170 3562 1262 3619 donne

188 3653 331 3725 l'exemple
344 3672 379 3708 en
396 3653 507 3727 placant
526 3653 671 3708 Heraclius
684 3653 866 3718 Constantia,
881 3651 951 3706 dont
969 3649 988 3704 il
1009 3652 1089 3724 s’agit
1109 3651 1161 3720 ici,
1183 3654 1262 3727 apres

188 3745 385 3812 Heracleonas,
400 3764 450 3801 sou
462 3747 534 3800 srbre
543 3747 641 3818 puiue,
657 3746 726 3800 mais
739 3762 774 3798 au
785 3744 875 3798 moins
885 3743 911 3797 le
920 3740 1003 3797 fait-il
1017 3741 1059 3796 fils
1071 3740 1260 3813 d‘flemdius,

188 3833 280 3889 tundis
291 3833 461 3908 qu'Orderic
472 3853 543 3889 nous
557 3834 584 3889 le
597 3833 689 3889 donne
703 3852 811 3889 comme
829 3833 902 3887 frere
918 3831 954 3886 de
968 3850 1000 3887 ce
1013 3832 1118 3905 priuce.
1131 3830 1202 3886 Paul
1218 3832 1259 3901 ll,

188 3943 346 3980 successeur
358 3925 393 3981 de
402 3925 527 3997 Pyrrhus
540 3944 588 3980 sur
597 3926 624 3980 le
635 3926 709 3999 siege
719 3925 754 3980 de
765 3923 1008 3996 Constantinople,
1023 3922 1067 3977 fut
1080 3921 1184 3994 depost
1192 3920 1261 3979 daus

187 4015 213 4070 le
227 4015 332 4070 concile
351 4014 385 4070 de
404 4015 473 4084 648,
488 4015 557 4071 dont
575 4034 646 4071 nous
663 4034 765 4071 venons
785 4015 820 4070 de
838 4014 947 4088 parler;
968 4014 1050 4079 mais,
1070 4023 1192 4068 soutenu
1211 4032 1262 4087 pur

187 4104 352 4178 l'empcreur
364 4104 500 4160 Constant
512 4106 554 4169 Il,
571 4105 590 4161 il
605 4106 736 4159 continua
750 4104 898 4177 d'occuper
910 4121 959 4157 son
972 4103 1063 4174 siege,
1077 4111 1106 4156 et
1115 4104 1262 4174 persecute

187 4193 227 4248 les
242 4193 412 4267 cstlroliques
421 4195 531 4267 jusqn'a
544 4214 571 4250 sa
583 4206 673 4262 mort,
688 4196 735 4268 qui
752 4195 840 4250 arrivs
852 4193 878 4249 le
892 4193 926 4249 26
938 4191 1084 4248 decembre
1097 4189 1161 4258 654.
