<?xml version="1.0" encoding="UTF-8"?>
<!DOCTYPE html PUBLIC "-//W3C//DTD XHTML 1.0 Transitional//EN"
    "http://www.w3.org/TR/xhtml1/DTD/xhtml1-transitional.dtd">
<html xmlns="http://www.w3.org/1999/xhtml" xml:lang="en" lang="en">
 <head>
  <title>
</title>
<meta http-equiv="Content-Type" content="text/html;charset=utf-8" />
  <meta name='ocr-system' content='tesseract 3.04.00' />
  <meta name='ocr-capabilities' content='ocr_page ocr_carea ocr_par ocr_line ocrx_word'/>
</head>
<body>
  <div class='ocr_page' id='page_1' title='image "./ordericivitalis02deligoog/ordericivitalis02deligoog_0435.png"; bbox 0 0 2894 4958; ppageno 0'>
   <div class='ocr_carea' id='block_1_1' title="bbox 187 444 1256 899">
    <p class='ocr_par' dir='ltr' id='par_1_1' title="bbox 190 444 972 507">
     <span class='ocr_line' id='line_1_1' title="bbox 190 444 972 507; baseline -0.003 -1"><span class='ocrx_word' id='word_1_1' title='bbox 190 445 250 506; x_wconf 69' lang='lat'><strong>422</strong></span> <span class='ocrx_word' id='word_1_2' title='bbox 466 444 648 506; x_wconf 76' lang='lat' dir='ltr'><strong>HISTORIA</strong></span> <span class='ocrx_word' id='word_1_3' title='bbox 671 444 972 507; x_wconf 71' lang='lat' dir='ltr'><strong>ECCLFSIASTICA.</strong></span> 
     </span>
    </p>

    <p class='ocr_par' dir='ltr' id='par_1_2' title="bbox 187 554 1256 899">
     <span class='ocr_line' id='line_1_2' title="bbox 189 554 1256 664; baseline 0.006 -28"><span class='ocrx_word' id='word_1_4' title='bbox 189 564 360 663; x_wconf 85' lang='lat' dir='ltr'>suscepit,</span> <span class='ocrx_word' id='word_1_5' title='bbox 386 563 577 663; x_wconf 89' lang='lat' dir='ltr'><strong>patricium</strong></span> <span class='ocrx_word' id='word_1_6' title='bbox 601 576 637 636; x_wconf 92' lang='lat' dir='ltr'><strong>et</strong></span> <span class='ocrx_word' id='word_1_7' title='bbox 660 554 830 637; x_wconf 84' lang='lat' dir='ltr'><strong>comitem</strong></span> <span class='ocrx_word' id='word_1_8' title='bbox 851 563 959 653; x_wconf 86' lang='lat' dir='ltr'><strong>fecit,</strong></span> <span class='ocrx_word' id='word_1_9' title='bbox 981 590 1022 637; x_wconf 91' lang='lat' dir='ltr'><strong>ac</strong></span> <span class='ocrx_word' id='word_1_10' title='bbox 1038 568 1146 664; x_wconf 82' lang='lat' dir='ltr'><strong>juxta</strong></span> <span class='ocrx_word' id='word_1_11' title='bbox 1171 565 1256 642; x_wconf 85' lang='lat' dir='ltr'><strong>lines</strong></span> 
     </span>
     <span class='ocr_line' id='line_1_3' title="bbox 190 674 1256 781; baseline 0.004 -30"><span class='ocrx_word' id='word_1_12' title='bbox 190 678 377 752; x_wconf 83' lang='lat' dir='ltr'><strong>Persarum</strong></span> <span class='ocrx_word' id='word_1_13' title='bbox 394 677 611 766; x_wconf 88' lang='lat' dir='ltr'><strong>transmisit,</strong></span> <span class='ocrx_word' id='word_1_14' title='bbox 636 674 698 750; x_wconf 90' lang='lat' dir='ltr'><strong>ubi</strong></span> <span class='ocrx_word' id='word_1_15' title='bbox 716 704 829 779; x_wconf 90' lang='lat' dir='ltr'><strong>usque</strong></span> <span class='ocrx_word' id='word_1_16' title='bbox 852 676 895 751; x_wconf 92' lang='lat' dir='ltr'><strong>ad</strong></span> <span class='ocrx_word' id='word_1_17' title='bbox 911 695 1072 754; x_wconf 84' lang='lat' dir='ltr'><strong>mortem</strong></span> <span class='ocrx_word' id='word_1_18' title='bbox 1086 708 1256 781; x_wconf 89' lang='lat' dir='ltr'><strong>perman·</strong></span> 
     </span>
     <span class='ocr_line' id='line_1_4' title="bbox 187 793 1254 899; baseline 0.006 -31"><span class='ocrx_word' id='word_1_19' title='bbox 187 796 248 868; x_wconf 90' lang='lat' dir='ltr'><strong>sit.</strong></span> <span class='ocrx_word' id='word_1_20' title='bbox 262 794 471 870; x_wconf 88' lang='lat' dir='ltr'><strong>Belisarium</strong></span> <span class='ocrx_word' id='word_1_21' title='bbox 483 819 629 895; x_wconf 88' lang='lat' dir='ltr'><strong>quoque</strong></span> <span class='ocrx_word' id='word_1_22' title='bbox 641 795 846 892; x_wconf 88' lang='lat' dir='ltr'><strong>patricium,</strong></span> <span class='ocrx_word' id='word_1_23' title='bbox 860 793 940 868; x_wconf 90' lang='lat' dir='ltr'><strong>data</strong></span> <span class='ocrx_word' id='word_1_24' title='bbox 952 797 985 870; x_wconf 93' lang='lat' dir='ltr'><strong>ei</strong></span> <span class='ocrx_word' id='word_1_25' title='bbox 997 797 1178 899; x_wconf 83' lang='lat' dir='ltr'><strong>dignitate</strong></span> <span class='ocrx_word' id='word_1_26' title='bbox 1187 801 1254 873; x_wconf 92' lang='lat' dir='ltr'><strong>mi·</strong></span> 
     </span>
    </p>
   </div>
   <div class='ocr_carea' id='block_1_2' title="bbox 86 910 1255 3939">
    <p class='ocr_par' dir='ltr' id='par_1_3' title="bbox 86 910 1255 3939">
     <span class='ocr_line' id='line_1_5' title="bbox 187 910 1254 1013; baseline 0.004 -26"><span class='ocrx_word' id='word_1_27' title='bbox 187 913 314 1002; x_wconf 89' lang='lat' dir='ltr'><strong>litum,</strong></span> <span class='ocrx_word' id='word_1_28' title='bbox 339 912 518 1013; x_wconf 82' lang='lat' dir='ltr'><strong>Augustus</strong></span> <span class='ocrx_word' id='word_1_29' title='bbox 535 910 742 985; x_wconf 84' lang='lat' dir='ltr'><strong>sublimavit</strong></span> <span class='ocrx_word' id='word_1_30' title='bbox 763 929 800 987; x_wconf 89' lang='lat' dir='ltr'><strong>ct</strong></span> <span class='ocrx_word' id='word_1_31' title='bbox 822 914 861 986; x_wconf 93' lang='lat' dir='ltr'><strong>in</strong></span> <span class='ocrx_word' id='word_1_32' title='bbox 877 913 1037 989; x_wconf 74' lang='lat' dir='ltr'><strong>Africam</strong></span> <span class='ocrx_word' id='word_1_33' title='bbox 1059 917 1176 991; x_wconf 87' lang='lat' dir='ltr'><strong>misit.</strong></span> <span class='ocrx_word' id='word_1_34' title='bbox 1194 916 1254 992; x_wconf 91' lang='lat' dir='ltr'><strong>llle</strong></span> 
     </span>
     <span class='ocr_line' id='line_1_6' title="bbox 187 1028 1254 1132; baseline 0.004 -30"><span class='ocrx_word' id='word_1_35' title='bbox 187 1055 274 1104; x_wconf 84' lang='lat' dir='ltr'><strong>vero</strong></span> <span class='ocrx_word' id='word_1_36' title='bbox 286 1031 461 1106; x_wconf 88' lang='lat' dir='ltr'><strong>Guittarit</strong></span> <span class='ocrx_word' id='word_1_37' title='bbox 479 1028 752 1105; x_wconf 87' lang='lat' dir='ltr'><strong>Guandalorum</strong></span> <span class='ocrx_word' id='word_1_38' title='bbox 763 1056 885 1131; x_wconf 82' lang='lat' dir='ltr'><strong>regem</strong></span> <span class='ocrx_word' id='word_1_39' title='bbox 898 1029 966 1104; x_wconf 88' lang='lat' dir='ltr'><strong>sub</strong></span> <span class='ocrx_word' id='word_1_40' title='bbox 978 1031 1067 1106; x_wconf 92' lang='lat' dir='ltr'><strong>dolo</strong></span> <span class='ocrx_word' id='word_1_41' title='bbox 1080 1035 1180 1132; x_wconf 87' lang='lat' dir='ltr'><strong>pacis</strong></span> <span class='ocrx_word' id='word_1_42' title='bbox 1197 1035 1254 1106; x_wconf 88' lang='lat' dir='ltr'><strong>in-</strong></span> 
     </span>
     <span class='ocr_line' id='line_1_7' title="bbox 188 1146 1253 1250; baseline 0.004 -30"><span class='ocrx_word' id='word_1_43' title='bbox 188 1146 350 1236; x_wconf 82' lang='lat' dir='ltr'><strong>terfecit,</strong></span> <span class='ocrx_word' id='word_1_44' title='bbox 366 1162 404 1220; x_wconf 87' lang='lat' dir='ltr'><strong>et</strong></span> <span class='ocrx_word' id='word_1_45' title='bbox 419 1146 578 1219; x_wconf 82' lang='lat' dir='ltr'><strong>Africam</strong></span> <span class='ocrx_word' id='word_1_46' title='bbox 593 1160 676 1246; x_wconf 88' lang='lat' dir='ltr'><strong>post</strong></span> <span class='ocrx_word' id='word_1_47' title='bbox 688 1172 802 1221; x_wconf 89' lang='lat' dir='ltr'><strong>annos</strong></span> <span class='ocrx_word' id='word_1_48' title='bbox 816 1171 904 1221; x_wconf 79' lang='lat' dir='ltr'><strong>xcix</strong></span> <span class='ocrx_word' id='word_1_49' title='bbox 916 1147 983 1220; x_wconf 86' lang='lat' dir='ltr'><strong>sub</strong></span> <span class='ocrx_word' id='word_1_50' title='bbox 997 1147 1185 1250; x_wconf 81' lang='lat' dir='ltr'><strong>republica</strong></span> <span class='ocrx_word' id='word_1_51' title='bbox 1198 1176 1253 1224; x_wconf 82' lang='lat' dir='ltr'><strong>re-</strong></span> 
     </span>
     <span class='ocr_line' id='line_1_8' title="bbox 187 1263 1254 1365; baseline 0.002 -27"><span class='ocrx_word' id='word_1_52' title='bbox 187 1263 305 1365; x_wconf 81' lang='lat' dir='ltr'><strong>degit3</strong></span> <span class='ocrx_word' id='word_1_53' title='bbox 330 1266 554 1364; x_wconf 85' lang='lat' dir='ltr'><strong>Romamque</strong></span> <span class='ocrx_word' id='word_1_54' title='bbox 575 1263 742 1353; x_wconf 83' lang='lat' dir='ltr'><strong>veniens,</strong></span> <span class='ocrx_word' id='word_1_55' title='bbox 768 1264 814 1338; x_wconf 90' lang='lat' dir='ltr'><strong>de</strong></span> <span class='ocrx_word' id='word_1_56' title='bbox 834 1264 958 1364; x_wconf 88' lang='lat' dir='ltr'><strong>spoliis</strong></span> <span class='ocrx_word' id='word_1_57' title='bbox 982 1263 1254 1341; x_wconf 88' lang='lat' dir='ltr'><strong>Guandalorum</strong></span> 
     </span>
     <span class='ocr_line' id='line_1_9' title="bbox 185 1380 1250 1483; baseline 0.001 -29"><span class='ocrx_word' id='word_1_58' title='bbox 185 1381 300 1454; x_wconf 90' lang='lat' dir='ltr'><strong>multa</strong></span> <span class='ocrx_word' id='word_1_59' title='bbox 328 1380 405 1455; x_wconf 88' lang='lat' dir='ltr'><strong>Deo</strong></span> <span class='ocrx_word' id='word_1_60' title='bbox 434 1394 472 1454; x_wconf 90' lang='lat' dir='ltr'><strong>et</strong></span> <span class='ocrx_word' id='word_1_61' title='bbox 503 1396 627 1454; x_wconf 88' lang='lat' dir='ltr'><strong>sancto</strong></span> <span class='ocrx_word' id='word_1_62' title='bbox 656 1387 764 1454; x_wconf 86' lang='lat' dir='ltr'><strong>Petro</strong></span> <span class='ocrx_word' id='word_1_63' title='bbox 790 1380 1080 1483; x_wconf 87' lang='lat' dir='ltr'><strong>pauperibusque</strong></span> <span class='ocrx_word' id='word_1_64' title='bbox 1109 1380 1250 1456; x_wconf 86' lang='lat' dir='ltr'><strong>tribuit.</strong></span> 
     </span>
     <span class='ocr_line' id='line_1_10' title="bbox 186 1497 1252 1600; baseline 0.003 -29"><span class='ocrx_word' id='word_1_65' title='bbox 186 1497 377 1572; x_wconf 85' lang='lat' dir='ltr'><strong>Theodora</strong></span> <span class='ocrx_word' id='word_1_66' title='bbox 395 1499 558 1599; x_wconf 78' lang='lat' dir='ltr'><strong>Augusta</strong></span> <span class='ocrx_word' id='word_1_67' title='bbox 575 1498 750 1599; x_wconf 82' lang='lat' dir='ltr'><strong>Vigilium</strong></span> <span class='ocrx_word' id='word_1_68' title='bbox 761 1526 890 1599; x_wconf 88' lang='lat' dir='ltr'><strong>papam</strong></span> <span class='ocrx_word' id='word_1_69' title='bbox 902 1500 1044 1600; x_wconf 88' lang='lat' dir='ltr'><strong>scriptis</strong></span> <span class='ocrx_word' id='word_1_70' title='bbox 1061 1516 1194 1600; x_wconf 84' lang='lat' dir='ltr'><strong>urguet</strong></span> <span class='ocrx_word' id='word_1_71' title='bbox 1203 1501 1252 1599; x_wconf 85' lang='lat'><strong>(1)</strong></span> 
     </span>
     <span class='ocr_line' id='line_1_11' title="bbox 186 1612 1252 1711; baseline -0.002 -22"><span class='ocrx_word' id='word_1_72' title='bbox 186 1631 231 1689; x_wconf 92' lang='lat' dir='ltr'><strong>ut</strong></span> <span class='ocrx_word' id='word_1_73' title='bbox 248 1615 484 1688; x_wconf 87' lang='lat' dir='ltr'><strong>Anthemium</strong></span> <span class='ocrx_word' id='word_1_74' title='bbox 501 1612 773 1689; x_wconf 78' lang='lat' dir='ltr'><strong>haeresiarcham</strong></span> <span class='ocrx_word' id='word_1_75' title='bbox 794 1633 952 1689; x_wconf 82' lang='lat' dir='ltr'><strong>revocet.</strong></span> <span class='ocrx_word' id='word_1_76' title='bbox 972 1615 1080 1711; x_wconf 84' lang='lat' dir='ltr'><strong>Quod</strong></span> <span class='ocrx_word' id='word_1_77' title='bbox 1096 1616 1161 1689; x_wconf 89' lang='lat' dir='ltr'><strong>ille</strong></span> <span class='ocrx_word' id='word_1_78' title='bbox 1176 1641 1252 1689; x_wconf 91' lang='lat' dir='ltr'><strong>om-</strong></span> 
     </span>
     <span class='ocr_line' id='line_1_12' title="bbox 186 1731 1254 1832; baseline 0.001 -27"><span class='ocrx_word' id='word_1_79' title='bbox 186 1733 278 1806; x_wconf 91' lang='lat' dir='ltr'><strong>nino</strong></span> <span class='ocrx_word' id='word_1_80' title='bbox 289 1731 429 1820; x_wconf 90' lang='lat' dir='ltr'><strong>renuit,</strong></span> <span class='ocrx_word' id='word_1_81' title='bbox 442 1732 555 1806; x_wconf 88' lang='lat' dir='ltr'><strong>immo</strong></span> <span class='ocrx_word' id='word_1_82' title='bbox 567 1731 782 1805; x_wconf 90' lang='lat' dir='ltr'><strong>sententiam</strong></span> <span class='ocrx_word' id='word_1_83' title='bbox 794 1731 1097 1832; x_wconf 72' lang='lat' dir='ltr'><strong>praedecessorum</strong></span> <span class='ocrx_word' id='word_1_84' title='bbox 1111 1732 1254 1806; x_wconf 75' lang='lat' dir='ltr'><strong>inefla-</strong></span> 
     </span>
     <span class='ocr_line' id='line_1_13' title="bbox 185 1848 1252 1952; baseline -0.002 -29"><span class='ocrx_word' id='word_1_85' title='bbox 185 1849 352 1952; x_wconf 84' lang='lat' dir='ltr'><strong>gabiliter</strong></span> <span class='ocrx_word' id='word_1_86' title='bbox 363 1850 492 1924; x_wconf 88' lang='lat' dir='ltr'><strong>tenuit.</strong></span> <span class='ocrx_word' id='word_1_87' title='bbox 507 1848 785 1950; x_wconf 79' lang='lat' dir='ltr'><strong>suggerentibus</strong></span> <span class='ocrx_word' id='word_1_88' title='bbox 798 1849 908 1951; x_wconf 79' lang='lat' dir='ltr'><strong>igitur</strong></span> <span class='ocrx_word' id='word_1_89' title='bbox 920 1848 1050 1923; x_wconf 86' lang='lat' dir='ltr'><strong>invidis</strong></span> <span class='ocrx_word' id='word_1_90' title='bbox 1063 1851 1252 1940; x_wconf 86' lang='lat' dir='ltr'><strong>Romanis,</strong></span> 
     </span>
     <span class='ocr_line' id='line_1_14' title="bbox 185 1967 1253 2069; baseline -0.004 -24"><span class='ocrx_word' id='word_1_91' title='bbox 185 1985 223 2045; x_wconf 88' lang='lat' dir='ltr'><strong>et</strong></span> <span class='ocrx_word' id='word_1_92' title='bbox 237 1994 364 2069; x_wconf 90' lang='lat' dir='ltr'><strong>papam</strong></span> <span class='ocrx_word' id='word_1_93' title='bbox 381 1967 425 2042; x_wconf 90' lang='lat' dir='ltr'><strong>de</strong></span> <span class='ocrx_word' id='word_1_94' title='bbox 440 1982 560 2042; x_wconf 88' lang='lat' dir='ltr'><strong>morte</strong></span> <span class='ocrx_word' id='word_1_95' title='bbox 577 1968 716 2040; x_wconf 84' lang='lat' dir='ltr'><strong>Silverii</strong></span> <span class='ocrx_word' id='word_1_96' title='bbox 738 1967 838 2040; x_wconf 82' lang='lat' dir='ltr'><strong>velut</strong></span> <span class='ocrx_word' id='word_1_97' title='bbox 850 1968 1068 2041; x_wconf 85' lang='lat' dir='ltr'><strong>homicidam</strong></span> <span class='ocrx_word' id='word_1_98' title='bbox 1083 1994 1253 2041; x_wconf 86' lang='lat' dir='ltr'><strong>accusan-</strong></span> 
     </span>
     <span class='ocr_line' id='line_1_15' title="bbox 187 2084 1252 2186; baseline -0.004 -25"><span class='ocrx_word' id='word_1_99' title='bbox 187 2087 299 2177; x_wconf 86' lang='lat' dir='ltr'><strong>tibus,</strong></span> <span class='ocrx_word' id='word_1_100' title='bbox 314 2085 514 2162; x_wconf 86' lang='lat' dir='ltr'><strong>Anthemus</strong></span> <span class='ocrx_word' id='word_1_101' title='bbox 525 2084 646 2159; x_wconf 89' lang='lat' dir='ltr'><strong>scribo</strong></span> <span class='ocrx_word' id='word_1_102' title='bbox 654 2087 707 2185; x_wconf 81' lang='lat'><strong>(2)</strong></span> <span class='ocrx_word' id='word_1_103' title='bbox 716 2085 890 2175; x_wconf 84' lang='lat' dir='ltr'><strong>mittitur,</strong></span> <span class='ocrx_word' id='word_1_104' title='bbox 903 2102 939 2160; x_wconf 90' lang='lat' dir='ltr'><strong>et</strong></span> <span class='ocrx_word' id='word_1_105' title='bbox 948 2086 1104 2186; x_wconf 83' lang='lat' dir='ltr'><strong>Vigilius</strong></span> <span class='ocrx_word' id='word_1_106' title='bbox 1117 2113 1206 2186; x_wconf 88' lang='lat' dir='ltr'><strong>papa</strong></span> <span class='ocrx_word' id='word_1_107' title='bbox 1218 2087 1252 2158; x_wconf 89' lang='lat' dir='ltr'><strong>in</strong></span> 
     </span>
     <span class='ocr_line' id='line_1_16' title="bbox 187 2201 1253 2301; baseline -0.001 -24"><span class='ocrx_word' id='word_1_108' title='bbox 187 2202 333 2277; x_wconf 85' lang='lat' dir='ltr'><strong>ecclesia</strong></span> <span class='ocrx_word' id='word_1_109' title='bbox 347 2203 488 2275; x_wconf 87' lang='lat' dir='ltr'><strong>Sanctae</strong></span> <span class='ocrx_word' id='word_1_110' title='bbox 502 2201 640 2275; x_wconf 87' lang='lat' dir='ltr'><strong>Ceciliae</strong></span> <span class='ocrx_word' id='word_1_111' title='bbox 650 2201 804 2300; x_wconf 89' lang='lat' dir='ltr'><strong>capitur,</strong></span> <span class='ocrx_word' id='word_1_112' title='bbox 819 2227 859 2274; x_wconf 84' lang='lat' dir='ltr'><strong>ac</strong></span> <span class='ocrx_word' id='word_1_113' title='bbox 868 2228 934 2301; x_wconf 89' lang='lat' dir='ltr'><strong>per</strong></span> <span class='ocrx_word' id='word_1_114' title='bbox 944 2201 1106 2274; x_wconf 90' lang='lat' dir='ltr'><strong>Siciliam</strong></span> <span class='ocrx_word' id='word_1_115' title='bbox 1115 2203 1253 2301; x_wconf 87' lang='lat' dir='ltr'><strong>navigio</strong></span> 
     </span>
     <span class='ocr_line' id='line_1_17' title="bbox 189 2312 1254 2418; baseline -0.004 -24"><span class='ocrx_word' id='word_1_116' title='bbox 189 2318 545 2418; x_wconf 82' lang='lat' dir='ltr'><strong>Constantinopolim</strong></span> <span class='ocrx_word' id='word_1_117' title='bbox 561 2318 720 2391; x_wconf 88' lang='lat' dir='ltr'><strong>ducitur.</strong></span> <span class='ocrx_word' id='word_1_118' title='bbox 739 2312 808 2392; x_wconf 76' lang='lat' dir='ltr'><strong>Pe‘r</strong></span> <span class='ocrx_word' id='word_1_119' title='bbox 823 2316 1015 2391; x_wconf 90' lang='lat' dir='ltr'><strong>biennium</strong></span> <span class='ocrx_word' id='word_1_120' title='bbox 1030 2317 1154 2391; x_wconf 84' lang='lat' dir='ltr'><strong>Graeci</strong></span> <span class='ocrx_word' id='word_1_121' title='bbox 1172 2343 1254 2392; x_wconf 91' lang='lat' dir='ltr'><strong>con·</strong></span> 
     </span>
     <span class='ocr_line' id='line_1_18' title="bbox 189 2434 1254 2536; baseline -0.002 -26"><span class='ocrx_word' id='word_1_122' title='bbox 189 2435 385 2510; x_wconf 88' lang='lat' dir='ltr'><strong>tenderunt</strong></span> <span class='ocrx_word' id='word_1_123' title='bbox 400 2435 573 2536; x_wconf 83' lang='lat' dir='ltr'><strong>augustali</strong></span> <span class='ocrx_word' id='word_1_124' title='bbox 598 2449 773 2536; x_wconf 87' lang='lat' dir='ltr'><strong>potestate</strong></span> <span class='ocrx_word' id='word_1_125' title='bbox 795 2451 837 2508; x_wconf 93' lang='lat' dir='ltr'><strong>ut</strong></span> <span class='ocrx_word' id='word_1_126' title='bbox 854 2434 1043 2509; x_wconf 86' lang='lat' dir='ltr'><strong>haereticus</strong></span> <span class='ocrx_word' id='word_1_127' title='bbox 1067 2461 1254 2511; x_wconf 80' lang='lat' dir='ltr'><strong>revocare-</strong></span> 
     </span>
     <span class='ocr_line' id='line_1_19' title="bbox 189 2549 1250 2651; baseline -0.001 -27"><span class='ocrx_word' id='word_1_128' title='bbox 189 2568 265 2640; x_wconf 90' lang='lat' dir='ltr'><strong>tur,</strong></span> <span class='ocrx_word' id='word_1_129' title='bbox 280 2553 374 2624; x_wconf 90' lang='lat' dir='ltr'><strong>sieut</strong></span> <span class='ocrx_word' id='word_1_130' title='bbox 388 2553 603 2651; x_wconf 86' lang='lat' dir='ltr'><strong>promiserat</strong></span> <span class='ocrx_word' id='word_1_131' title='bbox 614 2552 702 2625; x_wconf 90' lang='lat' dir='ltr'><strong>dum</strong></span> <span class='ocrx_word' id='word_1_132' title='bbox 717 2567 808 2625; x_wconf 86' lang='lat' dir='ltr'><strong>esset</strong></span> <span class='ocrx_word' id='word_1_133' title='bbox 822 2551 861 2624; x_wconf 88' lang='lat' dir='ltr'><strong>in</strong></span> <span class='ocrx_word' id='word_1_134' title='bbox 876 2550 1085 2626; x_wconf 85' lang='lat' dir='ltr'><strong>diaconatus</strong></span> <span class='ocrx_word' id='word_1_135' title='bbox 1102 2549 1250 2625; x_wconf 83' lang='lat' dir='ltr'><strong>honore.</strong></span> 
     </span>
     <span class='ocr_line' id='line_1_20' title="bbox 189 2669 1254 2772; baseline -0.003 -28"><span class='ocrx_word' id='word_1_136' title='bbox 189 2670 261 2746; x_wconf 85' lang='lat' dir='ltr'><strong>Sed</strong></span> <span class='ocrx_word' id='word_1_137' title='bbox 280 2698 371 2771; x_wconf 88' lang='lat' dir='ltr'><strong>papa</strong></span> <span class='ocrx_word' id='word_1_138' title='bbox 391 2669 597 2744; x_wconf 84' lang='lat' dir='ltr'><strong>nullatenus</strong></span> <span class='ocrx_word' id='word_1_139' title='bbox 618 2670 735 2744; x_wconf 82' lang='lat' dir='ltr'><strong>voluit</strong></span> <span class='ocrx_word' id='word_1_140' title='bbox 756 2671 968 2761; x_wconf 87' lang='lat' dir='ltr'><strong>concedere,</strong></span> <span class='ocrx_word' id='word_1_141' title='bbox 994 2687 1127 2772; x_wconf 90' lang='lat' dir='ltr'><strong>optans</strong></span> <span class='ocrx_word' id='word_1_142' title='bbox 1150 2671 1254 2772; x_wconf 82' lang='lat' dir='ltr'><strong>magis</strong></span> 
     </span>
     <span class='ocr_line' id='line_1_21' title="bbox 187 2788 1253 2889; baseline -0.003 -26"><span class='ocrx_word' id='word_1_143' title='bbox 187 2788 281 2864; x_wconf 89' lang='lat' dir='ltr'><strong>bene</strong></span> <span class='ocrx_word' id='word_1_144' title='bbox 293 2790 410 2881; x_wconf 91' lang='lat' dir='ltr'><strong>mori,</strong></span> <span class='ocrx_word' id='word_1_145' title='bbox 429 2815 539 2889; x_wconf 87' lang='lat' dir='ltr'><strong>quam</strong></span> <span class='ocrx_word' id='word_1_146' title='bbox 551 2790 642 2862; x_wconf 90' lang='lat' dir='ltr'><strong>male</strong></span> <span class='ocrx_word' id='word_1_147' title='bbox 655 2789 785 2863; x_wconf 81' lang='lat' dir='ltr'><strong>vivere.</strong></span> <span class='ocrx_word' id='word_1_148' title='bbox 801 2788 980 2879; x_wconf 87' lang='lat' dir='ltr'><strong>Tandem,</strong></span> <span class='ocrx_word' id='word_1_149' title='bbox 994 2803 1037 2860; x_wconf 92' lang='lat' dir='ltr'><strong>ut</strong></span> <span class='ocrx_word' id='word_1_150' title='bbox 1049 2805 1137 2862; x_wconf 88' lang='lat' dir='ltr'><strong>ante</strong></span> <span class='ocrx_word' id='word_1_151' title='bbox 1148 2789 1253 2861; x_wconf 82' lang='lat' dir='ltr'><strong>lusti-</strong></span> 
     </span>
     <span class='ocr_line' id='line_1_22' title="bbox 189 2902 1255 3004; baseline -0.004 -26"><span class='ocrx_word' id='word_1_152' title='bbox 189 2907 341 2979; x_wconf 89' lang='lat' dir='ltr'><strong>nianum</strong></span> <span class='ocrx_word' id='word_1_153' title='bbox 356 2920 393 2978; x_wconf 89' lang='lat' dir='ltr'><strong>et</strong></span> <span class='ocrx_word' id='word_1_154' title='bbox 409 2902 640 2979; x_wconf 89' lang='lat' dir='ltr'><strong>Theodoram</strong></span> <span class='ocrx_word' id='word_1_155' title='bbox 652 2918 860 2978; x_wconf 86' lang='lat' dir='ltr'><strong>constanter</strong></span> <span class='ocrx_word' id='word_1_156' title='bbox 870 2903 1013 2977; x_wconf 90' lang='lat' dir='ltr'><strong>locutus</strong></span> <span class='ocrx_word' id='word_1_157' title='bbox 1025 2902 1121 2993; x_wconf 83' lang='lat' dir='ltr'><strong>fuit,</strong></span> <span class='ocrx_word' id='word_1_158' title='bbox 1136 2918 1173 2977; x_wconf 90' lang='lat' dir='ltr'><strong>et</strong></span> <span class='ocrx_word' id='word_1_159' title='bbox 1182 2902 1255 3004; x_wconf 91' lang='lat' dir='ltr'><strong>qui·</strong></span> 
     </span>
     <span class='ocr_line' id='line_1_23' title="bbox 188 3017 1253 3119; baseline -0.003 -26"><span class='ocrx_word' id='word_1_160' title='bbox 188 3020 272 3093; x_wconf 91' lang='lat' dir='ltr'><strong>dam</strong></span> <span class='ocrx_word' id='word_1_161' title='bbox 285 3047 368 3093; x_wconf 89' lang='lat' dir='ltr'><strong>eum</strong></span> <span class='ocrx_word' id='word_1_162' title='bbox 383 3018 529 3119; x_wconf 89' lang='lat' dir='ltr'><strong>probris</strong></span> <span class='ocrx_word' id='word_1_163' title='bbox 546 3021 584 3094; x_wconf 93' lang='lat' dir='ltr'><strong>in</strong></span> <span class='ocrx_word' id='word_1_164' title='bbox 600 3019 730 3092; x_wconf 82' lang='lat' dir='ltr'><strong>faciem</strong></span> <span class='ocrx_word' id='word_1_165' title='bbox 743 3023 816 3119; x_wconf 86' lang='lat' dir='ltr'><strong>ejus</strong></span> <span class='ocrx_word' id='word_1_166' title='bbox 826 3019 964 3119; x_wconf 88' lang='lat' dir='ltr'><strong>alapam</strong></span> <span class='ocrx_word' id='word_1_167' title='bbox 978 3017 1096 3108; x_wconf 88' lang='lat' dir='ltr'><strong>dedit,</strong></span> <span class='ocrx_word' id='word_1_168' title='bbox 1118 3045 1207 3118; x_wconf 91' lang='lat' dir='ltr'><strong>papa</strong></span> <span class='ocrx_word' id='word_1_169' title='bbox 1220 3019 1253 3090; x_wconf 92' lang='lat' dir='ltr'><strong>in</strong></span> 
     </span>
     <span class='ocr_line' id='line_1_24' title="bbox 190 3135 1254 3237; baseline -0.006 -25"><span class='ocrx_word' id='word_1_170' title='bbox 190 3139 373 3213; x_wconf 89' lang='lat' dir='ltr'><strong>ecelesiam</strong></span> <span class='ocrx_word' id='word_1_171' title='bbox 392 3141 531 3212; x_wconf 84' lang='lat' dir='ltr'><strong>Sanctae</strong></span> <span class='ocrx_word' id='word_1_172' title='bbox 549 3137 760 3237; x_wconf 85' lang='lat' dir='ltr'><strong>Euphemiae</strong></span> <span class='ocrx_word' id='word_1_173' title='bbox 777 3137 821 3210; x_wconf 91' lang='lat' dir='ltr'><strong>ad</strong></span> <span class='ocrx_word' id='word_1_174' title='bbox 838 3137 1045 3211; x_wconf 90' lang='lat' dir='ltr'><strong>columnam</strong></span> <span class='ocrx_word' id='word_1_175' title='bbox 1060 3135 1184 3209; x_wconf 86' lang='lat' dir='ltr'><strong>altaris</strong></span> <span class='ocrx_word' id='word_1_176' title='bbox 1199 3135 1254 3206; x_wconf 89' lang='lat' dir='ltr'><strong>su·</strong></span> 
     </span>
     <span class='ocr_line' id='line_1_25' title="bbox 189 3250 1253 3354; baseline -0.004 -28"><span class='ocrx_word' id='word_1_177' title='bbox 189 3255 256 3354; x_wconf 81' lang='lat' dir='ltr'><strong>git.</strong></span> <span class='ocrx_word' id='word_1_178' title='bbox 273 3254 342 3328; x_wconf 92' lang='lat' dir='ltr'><strong>Sed</strong></span> <span class='ocrx_word' id='word_1_179' title='bbox 359 3254 441 3328; x_wconf 90' lang='lat' dir='ltr'><strong>inde</strong></span> <span class='ocrx_word' id='word_1_180' title='bbox 454 3255 544 3329; x_wconf 85' lang='lat' dir='ltr'><strong>loris</strong></span> <span class='ocrx_word' id='word_1_181' title='bbox 557 3257 705 3352; x_wconf 88' lang='lat' dir='ltr'><strong>ejectus,</strong></span> <span class='ocrx_word' id='word_1_182' title='bbox 720 3267 757 3326; x_wconf 94' lang='lat' dir='ltr'><strong>et</strong></span> <span class='ocrx_word' id='word_1_183' title='bbox 768 3250 856 3324; x_wconf 82' lang='lat' dir='ltr'><strong>fune</strong></span> <span class='ocrx_word' id='word_1_184' title='bbox 873 3253 980 3324; x_wconf 90' lang='lat' dir='ltr'><strong>misso</strong></span> <span class='ocrx_word' id='word_1_185' title='bbox 998 3252 1036 3322; x_wconf 93' lang='lat' dir='ltr'><strong>in</strong></span> <span class='ocrx_word' id='word_1_186' title='bbox 1051 3251 1155 3325; x_wconf 87' lang='lat' dir='ltr'><strong>collo.</strong></span> <span class='ocrx_word' id='word_1_187' title='bbox 1167 3253 1253 3350; x_wconf 87' lang='lat' dir='ltr'><strong>ejus,</strong></span> 
     </span>
     <span class='ocr_line' id='line_1_26' title="bbox 189 3369 1253 3473; baseline -0.008 -26"><span class='ocrx_word' id='word_1_188' title='bbox 189 3400 256 3473; x_wconf 89' lang='lat' dir='ltr'><strong>per</strong></span> <span class='ocrx_word' id='word_1_189' title='bbox 286 3388 400 3447; x_wconf 87' lang='lat' dir='ltr'><strong>totam</strong></span> <span class='ocrx_word' id='word_1_190' title='bbox 429 3371 558 3445; x_wconf 90' lang='lat' dir='ltr'><strong>urbem</strong></span> <span class='ocrx_word' id='word_1_191' title='bbox 590 3369 776 3471; x_wconf 91' lang='lat' dir='ltr'><strong>usquead</strong></span> <span class='ocrx_word' id='word_1_192' title='bbox 805 3395 994 3470; x_wconf 82' lang='lat' dir='ltr'><strong>vesperum</strong></span> <span class='ocrx_word' id='word_1_193' title='bbox 1022 3384 1162 3441; x_wconf 90' lang='lat' dir='ltr'><strong>tractus</strong></span> <span class='ocrx_word' id='word_1_194' title='bbox 1194 3381 1253 3441; x_wconf 88' lang='lat' dir='ltr'><strong>est.</strong></span> 
     </span>
     <span class='ocr_line' id='line_1_27' title="bbox 190 3485 1255 3578; baseline -0.005 -16"><span class='ocrx_word' id='word_1_195' title='bbox 190 3488 330 3563; x_wconf 91' lang='lat' dir='ltr'><strong>Deinde</strong></span> <span class='ocrx_word' id='word_1_196' title='bbox 347 3489 385 3561; x_wconf 91' lang='lat' dir='ltr'><strong>in</strong></span> <span class='ocrx_word' id='word_1_197' title='bbox 403 3503 499 3560; x_wconf 88' lang='lat' dir='ltr'><strong>arcta</strong></span> <span class='ocrx_word' id='word_1_198' title='bbox 516 3487 677 3562; x_wconf 88' lang='lat' dir='ltr'><strong>custodia</strong></span> <span class='ocrx_word' id='word_1_199' title='bbox 693 3486 820 3559; x_wconf 90' lang='lat' dir='ltr'><strong>missus</strong></span> <span class='ocrx_word' id='word_1_200' title='bbox 841 3502 918 3578; x_wconf 90' lang='lat' dir='ltr'><strong>est,</strong></span> <span class='ocrx_word' id='word_1_201' title='bbox 946 3500 983 3560; x_wconf 90' lang='lat' dir='ltr'><strong>et</strong></span> <span class='ocrx_word' id='word_1_202' title='bbox 1004 3485 1123 3559; x_wconf 86' lang='lat' dir='ltr'><strong>clerus</strong></span> <span class='ocrx_word' id='word_1_203' title='bbox 1139 3511 1255 3559; x_wconf 91' lang='lat' dir='ltr'><strong>roma-</strong></span> 
     </span>
     <span class='ocr_line' id='line_1_28' title="bbox 86 3601 1255 3706; baseline -0.004 -28"><span class='ocrx_word' id='word_1_204' title='bbox 86 3650 89 3655; x_wconf 87' lang='lat'><strong>·</strong></span> <span class='ocrx_word' id='word_1_205' title='bbox 190 3633 277 3695; x_wconf 88' lang='lat' dir='ltr'><strong>nus,</strong></span> <span class='ocrx_word' id='word_1_206' title='bbox 295 3607 358 3706; x_wconf 91' lang='lat' dir='ltr'><strong>qui</strong></span> <span class='ocrx_word' id='word_1_207' title='bbox 372 3631 456 3678; x_wconf 90' lang='lat' dir='ltr'><strong>cum</strong></span> <span class='ocrx_word' id='word_1_208' title='bbox 467 3632 510 3680; x_wconf 94' lang='lat' dir='ltr'><strong>eo</strong></span> <span class='ocrx_word' id='word_1_209' title='bbox 523 3620 685 3694; x_wconf 89' lang='lat' dir='ltr'><strong>venerat,</strong></span> <span class='ocrx_word' id='word_1_210' title='bbox 700 3631 765 3704; x_wconf 91' lang='lat' dir='ltr'><strong>per</strong></span> <span class='ocrx_word' id='word_1_211' title='bbox 778 3603 914 3677; x_wconf 87' lang='lat' dir='ltr'><strong>diversa</strong></span> <span class='ocrx_word' id='word_1_212' title='bbox 926 3602 1070 3676; x_wconf 86' lang='lat' dir='ltr'><strong>metalla</strong></span> <span class='ocrx_word' id='word_1_213' title='bbox 1082 3601 1255 3702; x_wconf 86' lang='lat' dir='ltr'><strong>dispersus</strong></span> 
     </span>
     <span class='ocr_line' id='line_1_29' title="bbox 190 3717 1253 3821; baseline -0.008 -25"><span class='ocrx_word' id='word_1_214' title='bbox 190 3740 254 3796; x_wconf 86' lang='lat' dir='ltr'><strong>est.</strong></span> <span class='ocrx_word' id='word_1_215' title='bbox 276 3724 381 3796; x_wconf 86' lang='lat' dir='ltr'><strong>Tunc</strong></span> <span class='ocrx_word' id='word_1_216' title='bbox 391 3722 504 3796; x_wconf 91' lang='lat' dir='ltr'><strong>Gothi</strong></span> <span class='ocrx_word' id='word_1_217' title='bbox 518 3720 679 3796; x_wconf 88' lang='lat' dir='ltr'><strong>Vaduam</strong></span> <span class='ocrx_word' id='word_1_218' title='bbox 693 3721 852 3796; x_wconf 89' lang='lat' dir='ltr'><strong>Totilam</strong></span> <span class='ocrx_word' id='word_1_219' title='bbox 862 3744 982 3821; x_wconf 84' lang='lat' dir='ltr'><strong>regem</strong></span> <span class='ocrx_word' id='word_1_220' title='bbox 995 3717 1064 3792; x_wconf 91' lang='lat' dir='ltr'><strong>sibi</strong></span> <span class='ocrx_word' id='word_1_221' title='bbox 1074 3717 1253 3806; x_wconf 87' lang='lat' dir='ltr'><strong>fecerunt,</strong></span> 
     </span>
     <span class='ocr_line' id='line_1_30' title="bbox 191 3836 1252 3939; baseline -0.006 -28"><span class='ocrx_word' id='word_1_222' title='bbox 191 3865 257 3911; x_wconf 88' lang='lat' dir='ltr'><strong>nec</strong></span> <span class='ocrx_word' id='word_1_223' title='bbox 281 3839 398 3915; x_wconf 88' lang='lat' dir='ltr'><strong>multo</strong></span> <span class='ocrx_word' id='word_1_224' title='bbox 421 3856 504 3939; x_wconf 90' lang='lat' dir='ltr'><strong>post</strong></span> <span class='ocrx_word' id='word_1_225' title='bbox 529 3842 682 3913; x_wconf 86' lang='lat' dir='ltr'><strong>Romam</strong></span> <span class='ocrx_word' id='word_1_226' title='bbox 704 3837 936 3913; x_wconf 89' lang='lat' dir='ltr'><strong>obsederunt.</strong></span> <span class='ocrx_word' id='word_1_227' title='bbox 960 3837 1084 3911; x_wconf 82' lang='lat' dir='ltr'><strong>Fames</strong></span> <span class='ocrx_word' id='word_1_228' title='bbox 1112 3836 1252 3911; x_wconf 86' lang='lat' dir='ltr'><strong>veroin</strong></span> 
     </span>
    </p>
   </div>
   <div class='ocr_carea' id='block_1_3' title="bbox 226 4118 1248 4282">
    <p class='ocr_par' dir='ltr' id='par_1_4' title="bbox 226 4118 1248 4282">
     <span class='ocr_line' id='line_1_31' title="bbox 242 4118 486 4174; baseline 0.008 -2"><span class='ocrx_word' id='word_1_229' title='bbox 242 4138 250 4172; x_wconf 84' lang='grc' dir='ltr'><strong><em>ι</em></strong></span> <span class='ocrx_word' id='word_1_230' title='bbox 283 4118 357 4174; x_wconf 81' lang='lat' dir='ltr'><strong>Litez</strong></span> <span class='ocrx_word' id='word_1_231' title='bbox 374 4144 379 4172; x_wconf 91' lang='lat'>:</span> <span class='ocrx_word' id='word_1_232' title='bbox 397 4141 414 4173; x_wconf 88' lang='lat' dir='ltr'><strong>u</strong></span> <span class='ocrx_word' id='word_1_233' title='bbox 466 4132 486 4174; x_wconf 82' lang='lat' dir='ltr'><strong>t.</strong></span> 
     </span>
     <span class='ocr_line' id='line_1_32' title="bbox 226 4120 1248 4282; baseline -0.006 -20"><span class='ocrx_word' id='word_1_234' title='bbox 226 4120 265 4280; x_wconf 75' lang='lat' dir='ltr'><strong>lul</strong></span> <span class='ocrx_word' id='word_1_235' title='bbox 284 4210 334 4265; x_wconf 81' lang='lat' dir='ltr'><strong>tes</strong></span> <span class='ocrx_word' id='word_1_236' title='bbox 346 4140 487 4266; x_wconf 54' lang='lat' dir='ltr'><strong>scribbgnees</strong></span> <span class='ocrx_word' id='word_1_237' title='bbox 499 4214 601 4268; x_wconf 71' lang='lat' dir='ltr'><strong>etalem</strong></span> <span class='ocrx_word' id='word_1_238' title='bbox 609 4212 648 4267; x_wconf 87' lang='lat' dir='ltr'><strong>les</strong></span> <span class='ocrx_word' id='word_1_239' title='bbox 658 4198 737 4269; x_wconf 75' lang='lat' dir='ltr'><strong>nursi</strong></span> <span class='ocrx_word' id='word_1_240' title='bbox 743 4211 875 4269; x_wconf 68' lang='lat' dir='ltr'><strong>domnica·</strong></span> <span class='ocrx_word' id='word_1_241' title='bbox 885 4210 934 4266; x_wconf 85' lang='lat' dir='ltr'><strong>des</strong></span> <span class='ocrx_word' id='word_1_242' title='bbox 945 4225 1108 4282; x_wconf 82' lang='lat' dir='ltr'><strong>empereurs</strong></span> <span class='ocrx_word' id='word_1_243' title='bbox 1118 4206 1248 4263; x_wconf 83' lang='lat' dir='ltr'><strong>d’Orient.</strong></span> 
     </span>
    </p>
   </div>
   <div class='ocr_carea' id='block_1_4' title="bbox 0 0 1452 4958">
    <p class='ocr_par' dir='ltr' id='par_1_5' title="bbox 0 0 1452 4958">
     <span class='ocr_line' id='line_1_33' title="bbox 0 0 1452 4958; baseline 0 0"><span class='ocrx_word' id='word_1_244' title='bbox 0 0 1452 4958; x_wconf 95' lang='lat' dir='ltr'><strong> </strong></span> 
     </span>
    </p>
   </div>
  </div>
 </body>
</html>
