2894 4958
570 377 687 440 LIBER
709 379 866 441 PRIMUS.
1196 384 1253 445 nt

184 511 326 570 secutus
352 509 417 571 est.
442 495 570 595 Pagani
596 497 689 596 apud
713 496 881 572 Sebasteu
904 498 1100 573 Palaestinae
1125 499 1254 579 urbem

184 608 391 712 sepulcrum
404 609 552 683 Joaonis
570 611 739 711 Baptistae
755 611 950 702 invadunt,
971 630 1007 688 et
1025 640 1101 688 ossa
1117 615 1254 715 disper-

184 742 292 829 gunt,
304 726 626 828 eademquerursus
637 729 784 803 collecta
794 745 993 805 etcremata
1003 731 1109 805 latius
1117 732 1255 833 ¹disper-

184 859 292 946 gunt.
325 843 395 918 Sed
423 845 488 918 Dei
517 844 742 944 providentia
771 847 918 948 qnidam
951 876 994 923 ex
1021 850 1256 952 Jerusolymis

185 960 355 1060 monachi
379 961 582 1053 affuerunt,
609 964 672 1063 qui
697 966 802 1037 mixti
825 964 1078 1066 colligentibus
1095 993 1257 1068 iquoequc
1338 968 1344 976 '

185 1094 359 1179 poterant
378 1076 493 1151 ablata
518 1079 562 1151 ad
582 1094 723 1179 patrem
743 1106 848 1155 suum
869 1081 1075 1182 Philippum
1096 1082 1256 1182 pertule-

187 1210 292 1268 runt.
304 1192 368 1267 llle
380 1193 571 1268 confestim
580 1191 671 1284 haec,
687 1196 769 1296 quia
782 1221 888 1295 supra
900 1195 1100 1270 seducebat
1115 1210 1258 1270 tantum

189 1305 398 1384 thoeaurum
404 1309 561 1408 propriis
570 1336 709 1384 servare
718 1311 863 1411 vigiliis,
877 1310 921 1383 ad
930 1312 1142 1410 pontificem
1150 1313 1259 1385 maxi-

187 1453 293 1515 mnm
307 1441 396 1499 tunc
402 1423 636 1500 Athanasium
644 1481 655 1517 ,
668 1454 733 1526 per
745 1426 928 1501 Julianum
940 1428 1126 1503 diaconem
1138 1452 1261 1517 suum,

188 1545 303 1618 misit.
319 1543 408 1638 Quae
421 1543 481 1617 ille
493 1560 666 1643 suscepta,
682 1544 803 1645 paucis
816 1542 962 1619 arbitris
976 1545 1052 1643 (1),
1067 1544 1260 1619 subcavato

188 1659 334 1736 samarii
354 1658 490 1759 pariete
511 1658 675 1748 inclusit,
696 1675 733 1732 et
753 1657 968 1759 prophetico
985 1659 1115 1758 spiritu
1134 1658 1261 1759 profu.-

190 1792 275 1855 tura
284 1774 507 1877 generationi
516 1791 670 1872 posterae
683 1776 918 1848 consecravit.
931 1774 1040 1874 Cujus
1047 1768 1263 1874 praesagium

190 1890 261 1966 sub
284 1889 488 1965 Theodosio
514 1892 679 1991 principe
701 1918 766 1991 per
782 1889 1028 1990 Theophilum
1053 1891 1263 1991 episcopum

190 2008 419 2089 Alexandriae
436 2007 659 2107 completur,
682 2009 765 2110 qui,
787 2009 971 2084 destructo
988 2009 1127 2108 Serapis
1145 2007 1263 2108 sepul,-

191 2151 279 2215 cro‚
296 2126 409 2198 sancti
431 2125 579 2199 Joannis
597 2123 732 2198 ibidem
749 2125 931 2199 ecclesiam
952 2125 1175 2200 consecravit
1195 2125 1262 2222 (2).

241 2243 455 2318 Jovinianus
466 2268 609 2343 'menses
623 2267 704 2318 vui.
725 2242 915 2343 [synodus
931 2242 1136 2317 Antiochiae
1148 2269 1168 2314 a
1182 2243 1265 2316 Me-

192 2361 283 2436 letio
299 2374 336 2434 et
352 2359 424 2431 suis
442 2357 536 2431 facta
552 2359 650 2457 est],
676 2360 713 2432 in
736 2385 807 2459 qua
824 2358 1122 2435 Macedonianum
1136 2359 1266 2460 dogma

194 2476 375 2577 Spiritum
400 2474 572 2547 Sanctum
603 2472 853 2573 blasphemans
887 2475 1167 2550 condemnatum
1195 2492 1261 2551 est.

193 2592 404 2668 Iovinianus
423 2607 614 2692 postquam
640 2591 677 2663 in
702 2616 754 2664 xx
778 2608 815 2665 et
841 2616 879 2664 ιι
903 2616 1017 2666 annos
1033 2602 1160 2690 pacem'
1182 2619 1266 2665 cum

194 2711 308 2786 Persis
327 2709 552 2808 composuit,
572 2706 616 2780 ad
637 2734 829 2782 romanum
851 2734 1029 2809 regressus
1050 2722 1104 2782 est
1124 2708 1241 2781 solum
1251 2736 1263 2795 ς

195 2828 368 2928 lapsuque
386 2824 588 2899 Constantii
606 2825 875 2925 praedecessoris
898 2824 1124 2914 admonitus,
1143 2823 1267 2898 hono-

195 2944 307 3019 rificis
319 2959 355 3017 et
372 2942 640 3017 officiosissimis
655 2940 892 3014 Athanasium
911 2940 1041 3014 litteris
1058 2941 1232 3041 requirit,
1248 2967 1267 3013 a

197 3088 273 3165 quo
292 3060 450 3135 formam
473 3057 580 3152 fidei,
604 3056 807 3133 atmodum
824 3057 1053 3132 ecclesiarum
1070 3056 1270 3158 disponen-

197 3180 328 3256 darum
343 3178 510 3278 suscepit.
537 3176 607 3251 Sed
630 3179 703 3276 ejus
720 3177 779 3276 pia
804 3177 957 3277 laetaque
976 3175 1154 3276 principia
1170 3200 1268 3256 mors

201 3292 503 3394 immaturaapud
516 3293 680 3366 Ciliciam
697 3293 862 3392 corrupit
876 3292 948 3389 (3).
970 3329 973 3335 ’

232 3567 273 3636 (ι)
292 3563 410 3618 Arbiter
420 3570 464 3617 ιιι
474 3561 533 3634 pria
545 3560 581 3615 ici
593 3559 662 3614 dana
674 3559 701 3614 le
715 3576 776 3614 sens
788 3558 824 3614 de
838 3561 928 3625 tcsu's,
942 3559 1078 3613 conscius.

234 3655 275 3725 (a)
291 3649 463 3724 (moenum
472 3647 644 3721 361-26join
654 3646 727 3719 363).
737 3646 831 3702 Jolien
840 3647 913 3702 avait
920 3648 964 3702 aa
975 3644 1115 3719 proclame
1124 3660 1271 3716 ampemur

148 3753 150 3757 “
204 3762 251 3816 pau·
263 3741 303 3798 lea
323 3740 440 3805 soldats,
458 3739 507 3795 des
526 3740 552 3795 le
568 3740 723 3813 printempa
742 3737 777 3793 de
795 3735 858 3792 360.
877 3738 916 3792 Ce
936 3737 1034 3810 prince
1051 3735 1096 3789 n'a
1110 3734 1209 3806 jamaia
1228 3735 1272 3788 ete'

205 3831 312 3899 daero,
329 3848 437 3886 wmmc
449 3839 529 3885 notre
542 3841 642 3885 auteur
651 3827 775 3884 l'nffirme
787 3847 838 3901 par
850 3825 976 3882 addition
988 3845 1024 3881 au
1039 3835 1115 3881 texte
1130 3823 1165 3879 de
1182 3823 1269 3891 Bede,

204 3921 272 3977 maia
284 3918 438 3975 seulement
449 3918 563 3974 lectenr
575 3919 611 3973 la
621 3917 794 3973 destruction
804 3917 843 3972 dn
852 3915 955 3990 temple
966 3915 1003 3972 de
1012 3915 1121 3988 serapis
1130 3916 1147 3968 t
1155 3913 1273 3968 Alexan-

207 4005 279 4075 trie,
293 4017 323 4062 et
334 4006 360 4061 la
373 4007 563 4061 construction
576 4004 660 4061 d’une
673 4004 758 4079 e'glise
777 4004 894 4061 dedite
887 4025 902 4060 a
920 4004 992 4059 saint
1005 4004 1089 4059 Jean-
1074 4003 1211 4075 -Baptiste
1224 4019 1273 4058 sut

207 4114 255 4158 son
267 4095 481 4169 emplaoement‚
496 4096 694 4151 arrivtrenten
706 4093 769 4169 389

220 4180 280 4253 (3)
299 4184 374 4239 Lisez
391 4183 535 4239 Iovianus.
549 4192 600 4258 (η
610 4183 673 4254 juin
687 4180 903 4255 ὄβῧ-ιΰίόιιίει
916 4179 993 4253 564)
1009 4182 1046 4236 Le
1065 4176 1170 4235 concile
1184 4176 1210 4231 d
1212 4179 1272 4240 isln
