2894 4958
124 425 129 435 “
187 411 247 475 45⁴
463 408 647 472 HISTORIA
670 407 974 472 tcctsslss‘rtca.

235 528 450 605 Valentinus
469 529 675 621 Romanus,
695 553 740 601 ex
762 542 865 628 patre
884 530 1014 619 Petro,
1037 527 1081 602 de
1108 529 1257 632 regione

187 646 254 722 via
270 648 377 733 Lata,
396 645 535 718 cunctis
553 644 694 745 pollens
706 644 922 732 virtutibus,
938 645 1030 719 sedit
1046 644 1175 721 diebus
1195 672 1254 722 ιιι.

186 763 256 837 llic
279 761 325 835 ab
342 762 516 861 episcopis
532 777 678 836 centum
700 776 738 835 et
755 759 966 862 proceribus
982 762 1253 856 Romanorum,

184 880 362 980 omnique
378 879 515 980 populo
529 880 567 953 in
582 879 717 978 palatio
734 880 961 954 [amanensi
973 880 1111 956 electus
1127 899 1203 972 est,
1220 899 1256 958 et

188 996 389 1069 deecclesia
407 1012 539 1069 sanctae
555 996 619 1069 Dei
636 997 819 1095 genitricis
835 998 958 1071 Mariae
974 1015 1201 1098 assumptus,
1221 1016 1257 1076 et

185 1111 224 1185 ln
242 1110 439 1212 pontificali
459 1111 595 1186 throno
604 1112 742 1210 positus
754 1128 809 1186 est
816 1166 827 1202 ‚
840 1113 901 1187 sed
917 1113 1026 1213 paulo
1037 1129 1125 1214 post
1136 1133 1255 1190 sancte

185 1227 378 1303 defunctus
395 1231 479 1327 est(
504 1230 534 1326 ).
1021 1224 1033 1243 '

233 1349 430 1449 Gregorius
447 1348 652 1435 Romanus,
677 1373 723 1421 ex
747 1362 849 1447 patre
870 1348 1029 1438 Joanne‚
1047 1349 1205 1448 pulcher
1221 1367 1255 1425 et

185 1463 337 1556 nobilis,
352 1466 491 1564 sapiens
505 1480 541 1539 et
556 1478 716 1554 sauctus,
736 1465 828 1539 sedit
839 1467 943 1540 aunis
953 1491 1030 1541 xvr.
1046 1469 1156 1541 Tunc
1170 1468 1256 1570 Aga·

186 1582 265 1655 reni
288 1580 332 1655 de
352 1579 486 1653 finibus
507 1581 580 1653 suis
601 1582 787 1671 exierunt,
812 1597 849 1655 et
872 1583 1003 1655 insulas
1026 1609 1068 1656 ac
1092 1584 1255 1685 regiones

115 1730 119 1735 ·
186 1696 475 1771 Christianorum
497 1699 653 1798 graviter
674 1698 948 1788 desolaverunt,
975 1699 1256 1804 hominibusque

185 1815 381 1914 peremptis
397 1812 556 1887 basilicas
572 1829 608 1888 et
631 1813 830 1889 habitacula
847 1815 1008 1890 fidelium
1028 1815 1255 1918 despoliave-

183 1932 276 2005 runt
303 1945 340 2002 et
363 1927 618 2003 debacchantes
646 1928 916 2004 destruxerunt.
945 1930 1145 2032 Gregorius
1171 1959 1255 2036 ergo

185 2071 275 2145 papa
291 2070 415 2117 muros
430 2043 540 2117 ostia
555 2043 643 2118 fecit
650 2098 663 2135 ‚
678 2071 760 2146 quae
773 2044 822 2119 ob
835 2044 904 2119 boc
916 2046 1153 2146 postmodum
1163 2046 1257 2121 Gre-

184 2159 430 2261 gorianopolis
452 2159 546 2233 dicta
563 2173 629 2232 est.
653 2161 722 2233 llic
742 2159 808 2233 alia
827 2161 1016 2235 innumera
1037 2160 1137 2236 bona
1155 2161 1253 2237 fecit.

184 2276 316 2350 Multas
330 2277 427 2350 enim
439 2274 600 2349 basilicas
618 2277 841 2365 construxit,
860 2293 896 2351 et
914 2277 1029 2350 multa
1046 2292 1256 2353 sanctorum

186 2418 340 2491 corpora
369 2392 570 2481 transtulit,
592 2408 629 2467 et
653 2393 691 2464 in
714 2393 801 2466 locis
824 2392 1042 2491 opportunis
1064 2393 1257 2495 diligenter

187 2511 335 2608 aptavit.
360 2509 554 2607 Episcopos
572 2534 711 2584 cuxxxv
727 2510 966 2599 consecravit,
990 2525 1028 2583 ct
1051 2511 1091 2583 in
1112 2509 1255 2584 basilios

187 2626 301 2699 uncti
320 2625 414 2697 Petri
435 2625 587 2724 apostoli
605 2627 764 2726 sepultus
785 2642 860 2716 est,
885 2641 923 2701 et
943 2629 1093 2701 cessarit
1117 2629 1256 2728 episco-

186 2759 290 2845 patus
305 2743 379 2817 dies
395 2743 472 2840 xv(
496 2742 526 2841 ).

233 2859 375 2958 Sergius
393 2859 593 2947 Romanus,
616 2885 659 2931 ex
680 2875 781 2960 patre
798 2861 943 2960 Sergio,
963 2860 1054 2934 sedit
1072 2862 1181 2934 annis
1201 2889 1253 2934 ιιι.

187 2978 258 3072 Qui
283 2977 370 3050 dum
394 2974 526 3049 electus
549 3001 592 3048 ex
615 3003 718 3051 more
739 2976 883 3067 fuisset,
907 2979 1064 3052 loannes
1085 2979 1256 3054 diaconus

72 3098 75 3107 ’
185 3123 270 3171 cum
286 3095 415 3197 agresti
429 3119 539 3166 manu
551 3091 688 3167 bellicis
701 3096 780 3167 telis
793 3110 925 3168 armata
938 3100 1064 3195 januas
1076 3095 1207 3198 fregit,
1223 3113 1255 3170 et

185 3213 271 3314 legis
288 3229 324 3285 et
347 3209 485 3284 ordinis
501 3209 733 3284 traditionem
757 3225 1016 3312 transgressus,
1042 3214 1203 3311 pervim
1221 3214 1253 3284 in

184 3329 443 3433 patriarchium
466 3329 627 3400 intravit.
647 3329 717 3402 Sed
734 3345 817 3428 post
834 3355 946 3402 unam
967 3327 1096 3403 boram
1122 3355 1256 3404 cuneus

185 3453 260 3550 ejus
274 3450 406 3520 timore
423 3460 610 3544 correptus
623 3444 735 3546 sugit,
755 3461 791 3519 et
803 3445 958 3521 loannes
975 3447 1120 3520 invasor
1133 3461 1256 3547 captus

188 3581 226 3641 et
248 3591 359 3638 caesus
385 3590 425 3636 ac
446 3562 637 3635 diaconatu
656 3562 816 3662 privatus
836 3577 903 3638 cst.
933 3565 976 3635 ln
1005 3562 1069 3638 illo
1094 3578 1256 3666 tempore

219 3915 259 3985 (a)
276 3908 489 3981 (horit-octobre
500 3908 575 3982 827.)

220 4002 260 4072 (a)
278 3997 428 4071 (ὼγ-844.)
440 3997 489 4051 les
503 3995 640 4052 Sarrasins
649 3995 773 4051 s'etaient
785 4014 820 4051 eu
833 3994 898 4051 ellet
909 3995 1035 4068 empares
1046 3993 1083 4050 de
1096 3993 1121 4049 la
1135 3995 1256 4051 Creteat

186 4091 260 4149 dela
272 4086 354 4143 Sicile
367 4085 402 4140 de
415 4086 491 4140 Saoh
502 4083 569 4151 830,
580 4103 611 4139 ee
623 4085 672 4158 qni
684 4100 805 4157 engagea
816 4084 955 4158 Gre'goire
966 4084 1009 4143 lv
1021 4082 1169 4141 aforttfier
1178 4083 1256 4141 onte
1291 4131 1301 4148 ,

186 4199 259 4257 pour
271 4173 393 4252 garantir
405 4173 494 4228 Rome
507 4173 542 4229 da
555 4173 630 4229 leurs
642 4173 781 4230 atteintes.
