2894 4958
189 411 250 471 322
463 405 648 468 HISTORIA
670 403 976 467 ECCLESIASTICA.

188 525 411 625 AEthiopiam
437 525 572 614 mittit,
598 524 751 599 secunda
772 523 817 600 ad
841 523 987 613 Medos,
1015 523 1124 598 tertia
1145 525 1254 600 'linem

188 643 293 730 facit3
313 641 396 742 quia
410 667 455 714 ex
471 665 547 713 uno
571 639 681 715 latere
700 638 809 714 habet
824 639 1010 740 regionem
1026 637 1256 718 tenebrarum

188 778 286 836 etex
305 758 378 833 alio
393 783 491 832 mare
507 757 702 830 Oceanum.
726 759 769 829 ln
789 755 882 839 hane
904 782 990 858 ergo
1005 757 1150 831 Indiam
1168 757 1255 832 Baa-

188 878 402 952 tbolomaeus
424 873 608 974 apostolus
630 875 751 963 venit,
778 889 816 948 et
840 873 879 947 in
903 873 1101 974 templum,
1122 874 1160 948 in
1183 900 1254 976 quo

187 996 325 1071 idolum
343 990 516 1069 Astaroth
532 1007 628 1080 erat,
650 991 817 1080 intravit,
837 990 961 1093 ibique
975 993 1076 1093 quasi
1093 994 1253 1092 peregri-

186 1139 254 1186 nus
270 1136 416 1185 manere
430 1109 556 1206 coepit.
577 1107 753 1207 Apostolo
763 1108 893 1206 <itaque
908 1105 1142 1202 adveniente,
1156 1106 1251 1184 Asta-

185 1227 270 1302 roth
287 1224 473 1300 obmutuit
481 1276 493 1312 ,
511 1249 577 1296 nec
591 1220 864 1296 consulentibus
876 1247 1045 1321 responsa
1057 1221 1178 1335 dedit,
1191 1248 1252 1296 nec

184 1346 240 1418 his
263 1368 354 1443 quos
371 1342 510 1414 laescrat
531 1337 723 1413 subvenire
744 1337 877 1438 potuit.
896 1342 1071 1440 Cumque
1079 1341 1158 1438 jam
1177 1340 1251 1439 ple·

185 1486 275 1534 num
293 1473 384 1532 esset
403 1454 658 1556 languentibus
677 1453 873 1554 templum,
889 1468 926 1528 et
942 1453 1108 1554 quotidie
1121 1455 1250 1529 sacrifi·

185 1574 349 1653 cantibus
374 1574 517 1648 nullum
539 1571 640 1647 daret
655 1570 827 1647 Astaroth
844 1598 1058 1676 responsum
1069 1601 1082 1661 3
1102 1572 1248 1647 morbidi

184 1719 290 1784 vero,
316 1693 379 1793 qui
401 1691 445 1765 de
466 1688 675 1791 longinquis
697 1687 904 1789 regionibus
928 1688 1072 1763 adducti
1094 1690 1247 1779 fuerant,

185 1836 266 1884 suos
291 1807 435 1882 dolores
459 1803 712 1881 miserabiliter
734 1805 967 1907 plangerent,
994 1806 1157 1908 idolique
1179 1807 1249 1880 cnl-

186 1947 306 2017 tores,
334 1952 454 2025 neque
480 1923 739 2013 sacrificando,
766 1951 885 2025 neque
909 1924 1041 2025 seipsos
1066 1951 1172 2000 more
1194 1952 1248 2000 suo

187 2043 355 2119 laniando
377 2044 599 2143 proficerent
606 2070 618 2131 ;
645 2043 684 2116 in
709 2043 815 2116 aliam
839 2044 1040 2138 civitatem,
1071 2043 1136 2117 ubi
1163 2044 1247 2118 aliud

184 2163 406 2238 demonium
429 2162 578 2237 nomine
601 2159 746 2235 Beeritb
771 2162 829 2261 (r)
856 2159 1060 2250 colebatur,
1088 2188 1246 2262 perrexe-

185 2295 295 2368 runt,
320 2294 356 2353 et
379 2279 431 2351 illi
450 2277 710 2366 sacrificantes,
733 2277 778 2352 de
799 2279 1045 2353 taciturnitate
1064 2278 1123 2353 dei
1146 2281 1198 2352 sui
1218 2296 1245 2353 et

135 2428 140 2436 ·
186 2394 265 2468 aliis
289 2393 476 2469 eventibus
500 2397 571 2468 suis
596 2395 871 2470 consuluerunt.
899 2396 1038 2491 Quibus
1056 2397 1120 2472 ille
1135 2397 1243 2471 dixit:

192 2512 294 2610 Quia
318 2511 420 2586 Deus
445 2528 564 2585 vester
584 2515 640 2586 sic
668 2515 853 2614 captivus,
882 2530 917 2585 et
942 2515 1081 2586 catenis
1110 2512 1247 2588 ltabetu

190 2629 307 2726 igneis
323 2627 487 2717 strictus,
508 2642 548 2698 ut
569 2653 685 2725 neque
702 2630 906 2729 suspirare,
931 2655 1045 2729 neque
1063 2629 1169 2729 loqui
1187 2655 1246 2701 ou·

71 2770 73 2774 ·
190 2742 293 2830 deut,
313 2768 361 2815 er
378 2769 450 2843 quo
470 2743 560 2816 illue
584 2746 768 2843 engressus
786 2761 838 2818 est
857 2745 1046 2847 apostolus
1068 2745 1147 2818 Dei
1162 2745 1246 2818 Bor-

191 2857 416 2932 ttotomaeas.
443 2857 754 2960 Interrogantibus
774 2876 895 2935 autem
921 2862 1002 2961 quis
1023 2861 1085 2935 ille
1104 2859 1246 2933 Bartho-

192 2974 339 3049 lomaeus
365 2994 474 3067 esset,
502 2975 646 3051 daemon
673 2978 860 3079 respondit
888 3008 896 3049 :
924 2981 1080 3052 Amicus
1107 2997 1162 3052 est
1187 2977 1248 3050 Dei

191 3093 465 3192 omnipotentis,
490 3111 524 3166 et
547 3095 631 3167 ideo
651 3095 690 3168 in
708 3097 816 3167 istam
834 3097 934 3169 uenit
952 3098 1202 3198 provinciam,
1220 3109 1249 3166 ut

193 3211 345 3280 numina
365 3235 448 3307 quae
461 3209 585 3283 colunt
600 3210 690 3283 Indi
705 3229 862 3285 evacuet.
887 3212 1126 3287 Astarotlritoe
1142 3228 1249 3284 autem

193 3321 362 3397 dixerunt
385 3357 393 3397 :
413 3327 488 3399 Dic
503 3327 607 3400 nohis
623 3331 733 3428 signa
750 3332 849 3429 ejus,
875 3347 914 3401 ut
935 3356 1017 3402 eum
1035 3331 1133 3403 inter
1148 3329 1250 3402 matta

197 3654 255 3689 sera
268 3654 316 3709 pas
329 3639 417 3708 moins
432 3640 576 3696 manifeste
593 3640 661 3696 dans
678 3661 717 3696 on
736 3652 814 3698 autre
835 3661 910 3710 sens,
930 3643 1048 3716 puisque
1068 3641 1127 3697 cela
1148 3638 1253 3697 n’aunlt

197 3725 281 3796 gnere
294 3723 344 3778 tau
357 3725 458 3797 qu’une
469 3726 532 3782 ville
544 3746 615 3801 pour
627 3727 698 3783 deux
711 3729 832 3803 peuples.
847 3730 871 3785 ll
883 3750 902 3803 y
914 3730 976 3785 aiei
989 3725 1253 3803 evidemmentqaet·

196 3830 251 3885 que
264 3811 454 3869 inadvertanee
467 3814 535 3870 dans
548 3815 587 3872 lea
598 3818 745 3885 nombres,
759 3819 909 3893 quoiqu’ils
923 3820 1011 3876 soient
1023 3821 1109 3874 ecrite
1121 3832 1160 3875 en
1175 3827 1253 3874 touoet

197 3900 290 3954 lettres
302 3899 369 3955 dans
382 3900 408 3954 le
420 3906 571 3959 manuscrit
582 3905 617 3960 (le
630 3895 846 3962 Salat-Evroult.

232 3991 272 4059 (ι)
290 3990 363 4045 Dans
379 3990 406 4045 le
420 3992 483 4046 saux
496 3994 614 4064 Abdias,
629 4015 660 4051 ce
673 4008 732 4053 mot
744 4002 793 4053 est'
803 3999 874 4054 ecrit
891 4023 896 4051 :
912 3997 1039 4060 lleirctlt,⁴
1054 3997 1126 4052 mais
1143 3997 1165 4053 il
1178 3993 1255 4071 penit

195 4079 264 4154 qu’il
276 4080 335 4134 lant
344 4080 413 4135 lire:
428 4081 537 4152 Berttla,
548 4095 642 4159 etque
651 4104 682 4141 ce
691 4105 757 4143 nom
766 4098 809 4145 eat
819 4091 967 4162 emprunte
976 4106 1011 4148 au
1020 4089 1106 4146 Lim
1115 4087 1169 4145 des
1177 4089 1255 4161 luget

196 4175 248 4239 (u,
264 4175 321 4239 tet
334 4169 382 4241 46)
396 4188 503 4227 comme
512 4172 583 4230 celui
597 4173 766 4232 d'Aotarotbss
