2894 4958
536 433 653 495 LIBER
673 432 883 496 SECUNDUS.
1181 436 1243 501 323

172 560 296 636 millia
316 582 534 658 cognoscere
550 558 748 658 possimus.
768 556 818 627 At
840 555 898 629 ille
921 557 1107 655 respondit
1130 589 1138 630 ι
1168 560 1244 640 Ca-

166 678 261 783 pilli
287 677 388 777 nigri
415 676 548 776 capitis
582 690 615 746 et
643 674 778 775 crispi,
812 699 900 746 coro
928 673 1115 765 candido,
1146 679 1248 750 oculi

169 793 354 897 grundes,
378 818 485 864 nares
513 789 675 891 cequules
701 807 734 862 et
753 790 920 878 directo,
938 816 1045 863 aures
1068 811 1246 895 coopertae

174 913 277 986 cn'ne
297 910 449 1010 capitis,
475 905 591 980 barba
613 906 764 1007 prolixa
787 905 924 979 liabens
947 934 1060 981 canos
1079 937 1242 1012 paucos,

173 1042 318 1101 statura
335 1024 490 1125 cequolis
496 1081 510 1115 ,
530 1050 611 1124 quse
634 1050 701 1097 nec
722 1023 854 1115 brevis,
874 1051 941 1098 nec
963 1026 1077 1127 longo
1094 1030 1247 1103 nimium

169 1146 293 1247 possit
306 1143 458 1218 adverti.
477 1142 521 1215 V
516 1144 642 1215 estitur
652 1141 794 1216 colobio
808 1143 892 1216 albo
908 1143 1051 1218 clavato
1057 1172 1244 1275 purpura,

174 1264 343 1338 induitur
354 1260 477 1363 pollio
500 1260 605 1347 albo,
623 1285 697 1361 per
716 1262 881 1361 singulos
898 1264 1056 1362 angulos
1077 1266 1245 1365 singulos

172 1406 341 1484 gemmas
348 1403 557 1481 purpureas
569 1377 707 1452 liabens
720 1379 787 1477 (1).
806 1380 954 1480 Viginti
965 1407 1031 1453 see
1044 1384 1137 1454 anni
1147 1399 1243 1472 sunt,

175 1527 227 1573 ee
239 1523 311 1599 quo
322 1522 508 1596 nunquam
525 1495 765 1570 sordidantur
779 1498 994 1570 vestimento
1011 1501 1111 1598 ejus,
1131 1526 1247 1599 neque

175 1629 418 1692 veterascunt.
437 1613 615 1685 Similiter
629 1628 663 1684 et
673 1612 850 1686 sandalio
866 1616 905 1685 in
910 1613 1072 1715 pedibus
1088 1618 1169 1715 ejus
1175 1642 1248 1718 per

176 1756 266 1807 xxvt
288 1757 405 1805 annos
426 1757 614 1831 nunquam
633 1745 875 1803 veterascunt.
902 1733 1040 1804 Centies
1047 1730 1167 1828 flecis
1180 1758 1249 1832 ge-

176 1851 287 1926 nibus
299 1877 369 1953 per
383 1850 501 1939 diem,
518 1851 651 1922 centies
663 1866 889 1951 pernoctem
905 1866 987 1922 orat
1002 1855 1133 1922 Deum.
1156 1852 1200 1922 V
1195 1875 1250 1923 0oe

177 1970 260 2070 ejus
282 1969 391 2067 quasi
407 1965 496 2039 tuba
513 1965 701 2038 oelremens
718 1982 782 2040 est.
805 1965 1009 2038 Ambulont
1024 1992 1108 2040 curn
1123 1993 1166 2040 eo
1180 1992 1250 2039 an·

175 2085 257 2186 geli
267 2084 358 2173 Dei,
372 2085 437 2183 qui
444 2109 518 2156 non
523 2087 735 2185 pemrittunt
747 2108 829 2154 eum
828 2084 996 2181 satigon'
998 2140 1011 2173 ,
1024 2110 1091 2156 nec
1099 2086 1246 2157 esun're.

178 2203 332 2304 Semper
344 2201 471 2274 codem
484 2200 609 2290 oultu,
630 2199 757 2274 eodem
773 2202 898 2274 animo
908 2217 1130 2304 perseverat,
1149 2205 1251 2276 omni

178 2320 271 2394 liora
289 2319 394 2393 loetus
407 2336 441 2392 et
457 2318 586 2392 hilaris
598 2335 800 2421 permanet.
821 2318 956 2412 Omnia
970 2318 1153 2418 providet,
1173 2345 1250 2393 om-

179 2440 247 2510 nio
260 2439 377 2523 notit,
389 2461 531 2510 omnem
547 2433 712 2536 linguam
726 2438 889 2509 omniurn
902 2437 1068 2535 gentium
1080 2453 1115 2508 et
1127 2434 1250 2536 loqui-

179 2570 242 2626 tur
257 2568 292 2626 et
304 2552 485 2652 intelligit.
505 2554 607 2624 Ecce
618 2569 653 2624 et
664 2552 733 2625 lroc
748 2552 849 2652 quod
865 2578 931 2625 vos
949 2553 1200 2652 interrogatis,
1219 2567 1253 2623 et

179 2661 282 2770 quod
297 2695 366 2768 ego
383 2668 433 2742 do
450 2694 660 2770 responsum
682 2668 729 2740 de
744 2695 787 2742 eo
797 2673 877 2770 jorn
896 2670 1004 2742 norit.
1020 2666 1160 2770 Angeli
1177 2667 1253 2740 Dei

167 2782 410 2883 smnulontur
425 2787 461 2856 ei
483 2802 516 2857 et
540 2787 615 2888 ipsi
632 2787 802 2857 nuntiant
821 2787 867 2856 ei.
893 2785 979 2857 Haec
1004 2798 1040 2856 et
1060 2783 1126 2855 elia
1146 2783 1249 2882 plura

181 2901 327 2976 doemon
343 2902 484 2975 locutus
497 2902 687 2975 conticuit.

228 3022 465 3094 Revertentes
491 3020 657 3093 omnium
686 3020 962 3119 peregrinorum
993 3019 1144 3119 hospitia
1174 3019 1250 3090 cir-

179 3135 407 3223 cumierunt,
420 3136 540 3208 vultus
552 3151 589 3209 et
600 3133 763 3207 habitum
774 3135 1001 3237 singulorum
1013 3147 1245 3234 aspexerunt3

178 3251 241 3327 sod
256 3278 324 3351 per
341 3251 430 3326 duos
448 3252 522 3326 dies
536 3252 740 3352 apostolum
753 3255 816 3326 Dei
834 3277 910 3326 non
926 3253 1155 3326 invenerunt.
1174 3251 1260 3324 De·-

177 3368 291 3468 nique
316 3367 464 3468 quidem
488 3366 747 3457 daemoniacus,
776 3369 925 3442 nomine
952 3369 1148 3455 seusticus,
1175 3366 1247 3438 cla-

210 3675 252 3744 (ι)
270 3671 358 3728 Notre
371 3684 470 3729 auteur
483 3694 499 3729 a
512 3673 605 3730 donne
622 3676 657 3730 ici
670 3679 687 3730 a
699 3676 772 3730 saint
783 3675 951 3730 Barthe'lemi
970 3694 1008 3729 un
1024 3675 1163 3749 retentent
1174 3673 1244 3730 dont

175 3753 201 3817 la
213 3761 414 3836 magnificence
427 3773 505 3819 toute
518 3762 664 3838 byzantino
675 3776 718 3820 est
730 3762 796 3819 bien
809 3783 863 3838 peu
876 3783 912 3819 en
924 3775 1037 3837 rapport
1053 3782 1116 3829 arec
1134 3764 1159 3819 la
1174 3766 1242 3819 sim-

176 3851 273 3924 plicite
284 3850 465 3926 apostolique.
486 3855 523 3908 Le
536 3856 671 3910 colobium
683 3855 751 3911 etait
763 3858 818 3910 nne
830 3855 946 3928 tuuique
962 3872 1023 3908 sans
1035 3854 1165 3909 manches
1178 3873 1215 3911 ou
1227 3859 1243 3910 l

177 3941 310 3997 manehes
324 3953 432 3997 courtes
446 3954 474 3999 et
491 3944 619 4012 etroites‚
633 3964 683 4019 par
697 3945 854 4019 opposition
871 3963 934 3999 avec
952 3944 991 4000 les
1006 3944 1097 4018 larges
1112 3946 1243 4000 manches

175 4027 212 4084 (le
221 4027 249 4083 la
261 4029 445 4105 dalmatique‚
461 4033 510 4105 qui
522 4033 562 4088 lui
579 4034 622 4089 sut
637 4034 789 4088 substitute
803 4032 870 4086 dans
882 4031 1081 4088 l’habillement
1092 4033 1243 4088 sacerdotal

178 4137 227 4192 par
239 4119 267 4175 le
280 4137 351 4207 pape
362 4120 434 4176 saint
446 4121 591 4196 Sylvestre.
606 4125 643 4178 Le
657 4133 715 4179 mot
728 4123 836 4178 itabens
847 4139 969 4197 manqne
977 4121 1045 4178 dans
1056 4121 1082 4178 le
1092 4124 1244 4180 manuscrit

177 4209 212 4266 de
224 4209 444 4268 saint-Erronlt.
