2916 4958
248 404 309 467 stt
523 399 711 463 ntsrolut
730 399 1034 463 uccttsltstlct.

248 546 394 595 morum
410 519 643 622 fugaverunt,
660 534 697 596 et
712 546 841 620 popum
852 506 937 594 unte
951 520 1063 595 altare
1079 521 1202 596 Sancti
1218 523 1320 598 Petri

248 638 362 715 oculis
379 652 416 711 et
430 638 551 737 lingua
566 638 708 736 privare
719 637 788 709 nisi
804 653 901 710 sunt.
914 638 983 712 Sed
995 653 1078 738 post
1088 639 1230 739 aliquot
1243 639 1320 712 dies

246 754 402 828 Albinus
426 753 665 827 cubicularius
684 778 768 827 eum
782 753 828 828 de
849 779 991 828 carcere
1010 754 1164 856 eripuit,
1183 771 1221 831 et
1239 756 1320 831 Do-

247 872 368 944 minus
393 871 626 970 omnipotens
650 870 827 970 integram
850 871 1039 946 sanitatem
1063 871 1115 944 illi
1140 873 1316 948 contulit.

247 988 406 1088 Winigis
415 1014 516 1075 vero,
527 988 601 1060 dux
611 987 904 1087 spoletanorum,
916 989 948 1062 ei
959 990 1137 1089 suppetias
1147 990 1317 1081 advenit,

247 1120 285 1182 et
296 1106 419 1180 videns
431 1132 579 1205 papam,
594 1106 659 1206 qui
671 1103 827 1178 fustibus
837 1105 1007 1212 laniatus,
1023 1123 1060 1180 et
1075 1108 1269 1181 semivivus
1279 1109 1318 1182 in

247 1221 419 1322 sunguine
435 1220 619 1295 revolutus
631 1228 828 1293 ontearum
843 1219 979 1310 fuerat,
994 1220 1209 1296 mirabiliter
1219 1249 1319 1295 saua-

248 1344 454 1425 tum,‘cum
476 1335 554 1408 aliis
575 1332 740 1407 fidelibus
758 1335 958 1409 Dominum
979 1336 1208 1435 glorificavit.
1231 1339 1320 1411 Post

247 1449 326 1524 haec
341 1478 431 1551 papa
445 1451 621 1525 Kurolum
635 1450 810 1550 Magnum
823 1476 945 1551 regem
959 1450 1066 1541 adiit,
1084 1467 1122 1526 et
1131 1454 1319 1552 querimo-

248 1569 348 1641 niam
373 1567 418 1643 de
443 1566 551 1641 rebus
573 1567 680 1666 gestis
702 1567 735 1641 ei
759 1565 996 1666 deprompsit.
1019 1569 1068 1641 At
1090 1568 1151 1644 ille
1175 1584 1321 1644 tantum

249 1684 370 1757 virum
387 1682 587 1757 honorifice
599 1682 772 1782 suscepit,
787 1699 824 1756 et
835 1709 919 1780 cum
931 1681 1072 1757 duobus
1084 1684 1324 1785 archiepisco·

249 1801 305 1901 pis
321 1800 493 1873 idilvaldo
510 1816 547 1874 et
565 1801 737 1892 Arnoue,
759 1816 869 1900 atque
892 1825 931 1873 νι
953 1801 1129 1900 episcopis
1149 1818 1188 1876 et
1204 1802 1324 1876 tribus

251 1917 446 2009 comitibus
471 1916 622 1990 remisit.
651 1917 729 2013 lpse
754 1940 901 2015 quoque
926 1941 990 1988 rex
1018 1931 1140 2015 postea
1169 1917 1346 1991 Romam:

250 2035 370 2122 venit,
397 2051 434 2109 et
457 2032 504 2106 ab
528 2032 656 2127 eodem
679 2058 770 2132 papa
797 2033 836 2105 in
861 2029 920 2107 die
944 2031 1080 2106 Natalis
1107 2034 1258 2109 Domini
1285 2035 1323 2108 in

251 2151 397 2226 ecelesia
409 2151 530 2224 Sancti
541 2150 639 2223 Petri
653 2164 848 2222 coronatus
862 2163 935 2238 cst,
949 2166 986 2223 et
1002 2149 1049 2222 ab
1063 2152 1236 2224 omnibus
1250 2165 1324 2226 tum

252 2268 425 2342 Romanis
441 2293 550 2368 quam
565 2266 712 2340 Francis
729 2265 926 2365 imperator
941 2266 1123 2342 Romanus
1139 2268 1324 2344 coustitu-
1404 2252 1409 2262 ⁶

254 2397 313 2459 tus
327 2399 381 2456 est
398 2385 415 2481 (
437 2385 468 2481 ).

261 2557 267 2566 .
304 2505 390 2573 Post
402 2498 497 2587 hrec,
517 2498 715 2597 indictione
728 2510 779 2573 rx·
788 2552 801 2589 ,
817 2515 860 2574 11⁰
872 2501 944 2576 lul.
959 2503 1042 2575 maii
1052 2556 1063 2592 ,
1080 2518 1191 2578 tenne
1202 2518 1325 2578 motus

257 2642 406 2716 mugnus
429 2614 546 2721 sactus
570 2602 643 2706 cst,
672 2630 709 2691 et
733 2631 850 2691 totum
872 2618 1056 2693 ecclesiam
1077 2619 1199 2694 Sancti
1226 2622 1327 2694 Pauli

257 2732 410 2835 apostoli
427 2732 558 2821 diruit,
579 2759 688 2835 quam
700 2736 774 2807 Leo
792 2761 881 2833 papa
899 2734 1036 2836 optime
1052 2737 1246 2838 reparavit.
1265 2739 1329 2811 Le·

259 2848 372 2922 tonius
384 2873 529 2950 quoque
544 2845 639 2922 idem
648 2848 781 2947 praesul
794 2848 911 2923 tribus
923 2848 1049 2924 diebus
1061 2867 1145 2926 unte
1155 2853 1329 2927 ascensio

258 2990 345 3040 nem
364 2963 512 3039 Domini
532 2964 640 3063 jussit
663 2964 850 3039 celebrari.
874 2965 1004 3040 Nullus
1026 2965 1329 3067 praedeccssorum

295 3261 335 3332 (r)
352 3257 448 3334 (2627
461 3257 608 3313 decembre
619 3257 795 3334 795·11‘juiu
807 3256 929 3330 816.)1ae
941 3259 1084 3332 primicier
1092 3261 1160 3316 enit
1167 3260 1195 3316 le
1205 3264 1328 3335 premier

260 3346 364 3404 officiet
379 3346 415 3402 de
430 3333 541 3420 l'llglise
554 3347 693 3415 romine,
707 3345 757 3420 qui
769 3347 978 3421 accompugouit
989 3346 1155 3420 l'empereur
1166 3359 1197 3405 et
1212 3349 1240 3405 le
1258 3368 1329 3424 pape

261 3438 331 3495 dans
346 3436 386 3492 les
404 3435 522 3510 grandes
538 3436 707 3492 ceremouies
722 3436 791 3491 d'uu
807 3435 886 3504 ubte,
905 3436 1029 3510 pendent
1044 3455 1100 3512 que
1112 3437 1139 3494 le
1156 3439 1331 3497 recondider

262 3529 331 3585 tum
342 3526 378 3583 de
396 3524 507 3596 l'antre,
521 3545 557 3583 eu
569 3537 650 3582 avent
665 3526 701 3582 de
718 3537 782 3582 tous
793 3526 832 3583 les
843 3537 937 3583 autres
948 3526 1121 3602 diguiteires.
1138 3529 1177 3585 Le
1189 3531 1331 3587 uoeltaire

262 3620 331 3676 emit
340 3617 368 3672 le
379 3618 534 3691 quatrieme
545 3616 648 3674 officier
660 3616 696 3674 de
704 3604 829 3692 l'llglise,
842 3617 946 3692 charge
956 3617 991 3673 de
1002 3617 1186 3675 distribuente
1200 3622 1264 3694 peie
1276 3638 1329 3676 aux

263 3707 366 3765 soldatt
376 3716 406 3763 et
418 3706 457 3763 les
467 3707 664 3780 gratificatione
675 3707 711 3763 de
721 3707 821 3762 choeur
830 3725 865 3762 au
874 3705 974 3780 clerge.
986 3707 1024 3762 La
1033 3706 1150 3763 sedition
1159 3707 1270 3783 diriget
1279 3728 1331 3785 pur

264 3814 310 3852 oet
324 3795 397 3850 deux
408 3795 484 3851 chela
496 3794 583 3850 celata
596 3793 623 3850 le
636 3792 671 3850 23
682 3792 751 3849 avril
763 3812 823 3870 799.
837 3795 911 3850 Leon
922 3805 1020 3851 trouve
1035 3795 1240 3871 Churlemugne
1250 3801 1267 3853 l
1278 3799 1330 3854 Pu-

264 3885 403 3953 derbem,
414 3894 444 3940 et
454 3885 544 3939 revint
555 3886 571 3937 ὲ
584 3882 674 3939 Rome
682 3881 709 3938 le
720 3899 755 3958 29
768 3883 916 3939 novembre
925 3883 961 3939 de
972 3881 1097 3939 lamense
1105 3887 1204 3941 mode.
1213 3887 1260 3941 Au
1272 3885 1331 3942 lieu

264 3972 447 4041 d'ldilvaldo,
460 3971 524 4028 lieet
538 3970 716 4027 Hr‘ldebaldo.
728 3972 768 4029 Ce
778 3989 949 4047 personnage
961 3974 1029 4028 unit
1040 3972 1212 4049 archeveque
1223 3974 1264 4031 de
1273 3976 1332 4033 Co-

264 4061 364 4137 logne,
378 4071 408 4118 et
417 4063 514 4117 Arnon
528 4061 563 4117 de
579 4060 740 4134 sautourg.
749 4061 952 4136 Cherlemugne
962 4063 1052 4118 arrisu
1064 4064 1081 4118 l
1091 4062 1182 4122 Rome
1192 4063 1221 4122 le
1231 4069 1267 4134 24
1279 4065 1334 4123 ot

265 4149 376 4208 cembre
389 4149 457 4219 800,
471 4160 501 4205 et
512 4150 556 4206 lut
568 4149 708 4223 procume
717 4167 865 4224 empereur
875 4150 902 4208 le
913 4149 1081 4209 leodemuiu.
