2894 4958
185 516 245 578 :tot
463 514 646 575 HISTORIA
669 513 973 577 Etctmttsttcn.

187 633 296 707 millia
315 633 471 707 sexcenti
496 631 664 734 baptizati
684 649 781 706 sunt.
802 630 915 707 Multa
935 658 1084 735 quoque
1104 663 1252 710 munera

186 751 292 824 beato
310 752 389 824 viro
403 749 636 841 obtulerunt,
653 776 735 852 quae
752 753 873 824 omnia
883 753 990 851 jussit
999 752 1078 825 dari
1091 756 1252 854 pauperi-

185 866 266 940 bus.
279 869 364 941 Post
377 866 454 941 haec
465 867 507 939 ad
521 849 773 943 similitudnes
785 867 966 943 idolorum
977 868 1081 960 abiit,
1097 887 1136 944 et
1146 873 1252 944 simu·

185 985 368 1058 lucrorum
399 1000 528 1058 cuncta
557 985 735 1085 sculptilia
765 983 945 1087 confregit
976 988 1077 1060 etin
1100 986 1252 1061 nihilum

186 1103 336 1202 redegit.

236 1217 372 1292 Deinde
391 1216 516 1290 beatus
530 1219 677 1291 antistes
691 1243 775 1291 cum
785 1217 969 1317 discipulis
981 1218 1053 1291 suis
1064 1218 1108 1291 ad
1121 1217 1253 1320 Agedu-

59 1411 61 1420 .
186 1336 354 1432 num(1)
381 1334 501 1409 vicum
525 1335 648 1423 venit,
678 1349 715 1408 et
746 1333 906 1408 idolatris
928 1332 1109 1408 diabolico
1133 1360 1252 1409 errore

186 1452 343 1552 deceptis
371 1479 491 1525 veram
521 1451 628 1525 fidem
656 1450 876 1552 praedicavit.
911 1455 1026 1527 Porro
1056 1451 1251 1526 sacerdotes

188 1567 368 1644 idolorum
379 1568 621 1660 advenerunt,
636 1585 672 1643 et
683 1585 823 1643 sanctos
833 1568 1088 1668 praedicatores
1099 1569 1252 1670 graviter

186 1702 451 1785 percusserunt.
480 1685 552 1758 lllis
574 1702 693 1760 autem
717 1687 916 1760 Dominum
937 1684 1247 1774 benedicentibus,

186 1819 223 1877 et
246 1805 426 1903 patienter
448 1803 590 1877 adversa
613 1829 681 1903 pro
704 1804 782 1902 ipso
807 1801 1086 1891 sustinentibus,
1113 1806 1251 1903 ejusque

186 1922 395 2022 suffragium
412 1936 537 1996 contra
555 1921 806 1993 imminentem
822 1917 1098 1992 tribulationem
1111 1917 1251 1990 fiducia-

186 2039 271 2112 liter
298 2036 587 2138 postulantibus,
613 2063 838 2136 percussores
864 2062 991 2111 eorum
1018 2034 1145 2110 subito
1175 2035 1250 2108 caeci

186 2154 271 2227 facti
290 2172 395 2243 sunt,
412 2152 664 2254 trahentesque
680 2179 717 2226 se
732 2178 842 2225 manu
859 2152 903 2224 ad
922 2177 1072 2225 manum
1086 2150 1251 2225 Mercurii

187 2273 417 2344 simulacrum
432 2272 673 2370 expetierunt.
693 2268 898 2343 Secundum
911 2293 1052 2342 morem
1067 2267 1251 2341 consulen-

189 2387 285 2460 tibus
299 2389 442 2461 nullum
457 2388 555 2461 dedit
572 2412 784 2487 responsum
798 2387 1018 2475 Mercurius,
1037 2410 1081 2458 eo
1098 2384 1199 2485 quod
1212 2381 1252 2456 ab

188 2504 321 2604 angelis
348 2503 413 2578 Dei
440 2503 583 2577 daemon
610 2519 701 2577 esset
725 2502 907 2604 religatus.
933 2502 1072 2575 Euntes
1094 2501 1140 2574 ad
1164 2499 1253 2575 aliud

190 2620 348 2709 idolum,
364 2619 556 2694 audierunt
566 2620 665 2720 quod
677 2620 764 2694 deus
777 2647 860 2692 suus
870 2617 1086 2719 respondere
1102 2618 1174 2692 illis
1184 2640 1252 2690 non

190 2755 327 2838 posset,
339 2739 421 2840 quia
434 2736 479 2810 ab
489 2738 622 2838 angelis
633 2738 694 2812 Dei
708 2738 841 2811 catenis
853 2737 964 2837 igneis
974 2736 1147 2837 religatus
1156 2751 1249 2810 esset.

239 2860 344 2929 Tunc
357 2857 478 2930 caecati
493 2857 690 2931 sacerdotes
707 2855 750 2929 ad
762 2872 926 2929 sanctum
940 2855 1144 2928 Martialem
1156 2880 1253 2928 vene·

190 2991 297 3063 runt,
321 2990 357 3047 et
377 2975 547 3074 prostrati
562 2973 606 3046 ad
623 2974 728 3074 pedes
745 2991 953 3048 sanctorum
967 2974 1112 3046 veniam
1134 2987 1253 3072 postu-

189 3092 368 3165 laverunt.
391 3091 519 3164 Beatus
533 3116 619 3165 vcro
630 3092 762 3191 praesul
776 3099 891 3163 visum
904 3091 953 3163 eis
966 3091 1148 3179 restituit,
1162 3087 1255 3162 acad

190 3224 343 3282 statuam
358 3209 456 3281 Jovis
470 3235 553 3281 cum
566 3210 667 3282 omni
680 3210 817 3309 populo
830 3207 938 3296 abiit,
955 3225 991 3282 et
1004 3206 1209 3282 daemonem
1220 3208 1253 3279 in

191 3326 339 3398 nomine
368 3325 515 3397 Domini
540 3324 714 3424 adjuravit
744 3341 786 3397 ut
807 3325 890 3398 inde
914 3326 1034 3396 statim
1063 3325 1199 3412 exiret,
1223 3337 1255 3395 et

191 3428 312 3516 coram
333 3444 435 3516 omni
457 3443 594 3543 populo
617 3458 770 3516 statuam
791 3443 1049 3542 confringeret.
1075 3442 1150 3535 Qui
1166 3446 1255 3539 jussa

190 3559 343 3660 perfecit
371 3576 409 3635 et
436 3561 668 3635 simulacaum
694 3561 901 3633 minutatim
935 3558 1128 3660 confregit.
1156 3561 1256 3631 'func

191 3673 329 3750 ibi-duo
342 3676 454 3750 millia
471 3674 628 3764 sexcenti
644 3675 812 3777 baptizati
831 3694 929 3749 sunt.

215 3794 321 3869 ···lloc
331 3794 548 3868 miraculum
565 3796 783 3895 paralyticus
799 3793 945 3894 quidam
968 3809 1010 3865 ut
1025 3791 1257 3881 audivit,‡de-

300 3936 337 3989 tu
356 3911 401 3987 etl
418 3910 604 3987 bominem
624 3913 687 3987 Dei
711 3912 811 3987 fecit.
832 3914 921 3985 Erat
945 3908 1043 3985 enim
1064 3939 1109 3985 ex
1131 3934 1257 4011 magno

329 4028 562 4120 'bominum
577 4031 817 4133 <multumque
836 4029 933 4103 dives
959 4031 1036 4102 auri
1066 4045 1102 4103 et
1123 4027 1261 4128 argenti
