2916 4958
194 378 253 438 tto
467 371 650 434 HISTORIA
672 370 974 434 ssccttsttstlct.

193 493 308 568 multa
337 492 480 566 adversa
513 506 749 566 surrexerunt
780 491 820 565 in
843 516 958 591 regno
982 489 1136 593 Angtiae.
1166 491 1261 567 Nem

192 613 332 688 Suenus
359 636 423 685 rex
455 610 641 683 Danorum
671 634 755 681 eum
782 609 921 709 ingenti
955 608 1063 683 classe
1089 608 1262 710 Angliam

194 731 342 819 invasit,
363 743 399 802 et
414 725 663 801 deficientibus
672 724 716 798 ad
729 751 812 799 eum
826 724 970 827 Anglis,
985 725 1184 801 Edelredus
1196 752 1263 801 rex

192 872 274 920 eum
292 870 406 918 uxore
422 859 459 918 et
474 843 557 917 filiis
575 843 612 914 in
623 842 1003 943 Normanniamsugit.
1023 845 1151 916 Emma
1161 845 1263 917 enim

192 989 285 1037 uxor
301 970 376 1064 ejus
398 976 474 1034 erat
495 984 600 1033 soror
614 956 781 1031 Richardi
800 959 1024 1034 Gunnoridae
1041 958 1141 1032 ducis
1164 958 1264 1036 Nor-

191 1106 409 1154 rnannorum
420 1133 432 1169 ,
462 1094 498 1152 et
532 1075 706 1150 liodberti
734 1075 991 1177 archiepiscopi
1015 1078 1264 1179 Rotomageu-

76 1243 80 1252 ·
191 1197 298 1269 sium.
328 1196 413 1269 Non
436 1194 554 1266 multo
584 1209 666 1292 post
692 1192 836 1293 gentilis
853 1221 918 1268 rex
942 1195 1263 1271 Suenusasancto

192 1311 407 1387 Eadmundo
436 1337 518 1410 rege
535 1323 572 1382 et
598 1324 759 1409 martyre
783 1311 921 1382 occisus
950 1328 1025 1401 est,
1056 1326 1094 1385 et
1112 1312 1264 1389 cadaver

193 1431 267 1527 ejus
278 1423 496 1500 aromatibus
513 1423 701 1498 eonditum
719 1425 757 1496 in
767 1426 912 1499 Daciam
923 1426 1082 1501 delatum
1096 1443 1164 1503 est.
1174 1427 1262 1503 Daoi

193 1547 326 1646 quippe
350 1542 465 1616 adhue
496 1542 624 1643 pagani
656 1556 776 1631 erant,
809 1559 845 1616 et
873 1544 1004 1619 ferocis
1027 1543 1104 1619 heri
1116 1599 1128 1635 ,
1161 1549 1263 1647 eujus

193 1688 323 1761 corpus
337 1659 486 1761 Anglica
502 1658 615 1733 humo
628 1659 806 1758 sepultum
821 1663 1002 1735 contineri
1017 1687 1093 1737 non
1113 1664 1261 1762 potuit,

192 1792 311 1851 morte
323 1774 506 1875 perterriti
520 1774 677 1848 fuerant.
691 1777 808 1852 Porro
824 1775 1019 1851 Edelredus
1035 1805 1122 1868 rex,
1140 1778 1262 1853 audita

192 1911 311 1968 morte
323 1893 450 1981 Sueni,
471 1890 587 1965 natale
600 1888 718 1964 solum
732 1893 901 1989 protinus
918 1894 1082 1993 repetiit,
1099 1910 1136 1968 et
1156 1893 1261 1969 dietis

193 2026 301 2111 atque
317 2009 503 2109 promissis
519 2033 601 2081 suos
616 2005 816 2082 desertores
831 2007 898 2080 sibi
917 2010 1141 2100 conciliavit,
1163 2025 1201 2085 et
1222 2010 1261 2085 iu

192 2126 371 2202 redivivos
388 2122 526 2213 hostes,
549 2139 591 2194 ut
608 2149 681 2197 sese
695 2125 823 2197 melius
841 2151 949 2227 quam
968 2142 1070 2200 antea
1086 2127 1262 2205 defende·

194 2257 304 2331 rent,
326 2241 509 2314 animavit.
536 2241 700 2314 Gunutus
727 2256 849 2315 autem
875 2241 969 2316 filius
995 2245 1104 2319 Sueni
1132 2262 1262 2321 eontra

194 2386 275 2434 suos
300 2359 400 2433 valde
428 2357 634 2459 indignatus
662 2374 715 2432 est
722 2413 732 2448 ,
753 2358 853 2459 quod
870 2359 1063 2460 fugissent,
1083 2376 1120 2436 et
1136 2360 1262 2439 nobile

193 2503 347 2576 regnum
362 2476 506 2577 Angtiae
517 2479 592 2575 jam
619 2475 688 2550 sibi
708 2475 896 2550 subactum
915 2478 1142 2554 muliebriter
1159 2479 1262 2556 dese-

193 2594 361 2667 ruissent.
396 2593 559 2694 Denique
586 2608 706 2692 parata
732 2593 860 2684 classe,
891 2622 975 2668 eum
1002 2603 1156 2670 lacman
1179 2624 1262 2701 rege

194 2711 396 2783 suavorum
430 2724 466 2782 et
497 2707 609 2783 Olavo
635 2734 718 2809 rege
748 2709 988 2802 Noricorum,
1023 2715 1061 2786 in
1093 2713 1262 2815 Angliam

193 2823 436 2899 transfretavit
457 2838 494 2898 et
509 2825 736 2899 Lundoniam
757 2826 910 2902 obsedit.
934 2828 987 2901 lbi
1007 2846 1094 2902 tune
1114 2828 1261 2905 Edelre·

195 2943 260 3017 dus
288 2971 354 3019 rex
383 2944 573 3042 aegrotarit
606 2957 643 3016 et
670 2959 835 3017 mortuus
867 2960 942 3034 est3
978 2961 1015 3018 et
1045 2944 1263 3023 Edrnundus

194 3060 289 3134 filius
304 3064 378 3159 ejus
393 3074 636 3161 cognomento
646 3061 816 3151 lrneside,
832 3063 869 3135 id
884 3079 937 3137 est
948 3065 1260 3154 Ferreum-Latus,

194 3179 232 3251 in
249 3204 370 3279 regem
398 3177 532 3250 levatus
549 3193 613 3250 est.
646 3177 862 3279 Plerumque
888 3179 933 3251 ab
952 3178 1078 3280 Anglis
1096 3196 1134 3253 et
1149 3180 1262 3255 Danis

194 3311 393 3397 pugnatum
423 3310 495 3383 est,
527 3294 760 3394 victoriaeque
787 3312 884 3368 sorte
912 3297 1089 3386 variante,
1122 3296 1261 3371 multus

193 3608 280 3660 anne'e
292 3603 328 3660 de
340 3623 389 3660 son
403 3607 488 3678 regne
498 3604 559 3660 doit
571 3624 599 3662 se
619 3617 743 3680 compter
756 3607 854 3680 depuis
870 3608 896 3663 le
910 3608 926 3665 8
941 3609 1096 3683 septembre
1114 3610 1184 3667 1026
1196 3612 1261 3685 jus-

194 3697 257 3770 qu’t
268 3694 354 3769 pareil
363 3696 429 3767 jour
438 3695 473 3750 de
488 3713 564 3771 ¹⁰27·
580 3697 632 3765 Or,
648 3715 685 3752 on
699 3698 751 3752 sait
762 3716 817 3771 que
831 3698 856 3753 le
869 3696 924 3753 duc
934 3697 1057 3754 Richard
1068 3700 1096 3754 11
1108 3700 1261 3759 moumrle

195 3783 230 3840 23
250 3786 325 3839 aorit.
344 3784 463 3840 Orderie
480 3785 557 3843 Vital
576 3787 652 3859 place
665 3787 737 3843 done
754 3799 797 3843 cet
815 3790 976 3844 evenement
994 3791 1020 3845 le
1039 3789 1074 3846 23
1092 3792 1159 3846 aotit
1181 3808 1258 3870 ¹027,

194 3873 365 3930 c'est-t·dire
379 3891 417 3928 un
427 3892 461 3928 an
476 3873 537 3948 plus
548 3875 608 3929 tard
621 3877 704 3950 qu'on
715 3895 749 3931 ne
759 3877 785 3931 le
796 3876 846 3932 fait
855 3881 1089 3933 communement.
1104 3878 1152 3935 On
1161 3890 1260 3938 trouve

193 3962 220 4017 la
235 3962 325 4018 meme
337 3961 447 4017 fination
461 3961 529 4017 dans
541 3981 597 4020 une
610 3965 706 4021 charte
718 3966 754 4021 de
764 3966 1169 4043 Guittaume-teconquennt.
1180 3969 1259 4027 Nom

195 4067 312 4105 sommes
329 4051 401 4105 aussi
418 4049 453 4105 de
471 4053 595 4120 oetavis,
611 4071 646 4108 en
666 4055 870 4111 reconnaissent
882 4056 1012 4114 toutefois
1025 4056 1117 4132 quela
1128 4059 1258 4132 quenion

195 4148 237 4193 est
249 4137 304 4193 tort
316 4137 445 4206 obscure,
456 4149 485 4195 et
493 4157 548 4213 qne
560 4158 630 4197 nous
641 4160 676 4197 ne
687 4141 790 4198 l’avons
799 4161 847 4217 pas
855 4144 981 4217 toujoura
991 4145 1099 4202 reuolue
1110 4145 1192 4202 ainsi.
