2894 4958
532 318 651 384 umus
671 320 829 385 suiuus.
1156 326 1216 388 123

145 460 262 520 tuere.
292 444 388 538 Qui,
420 443 723 545 absque·artifice
747 442 918 544 magistro
944 445 1056 544 magis
1081 444 1214 545 cespite

144 582 255 663 qnam
269 556 510 661 inpidefnctus
517 613 529 649 ,
544 561 597 635 nil
610 559 844 662 operantibus
855 560 1009 660 profuit.
1025 561 1117 635 Nam
1127 584 1215 640 mox

146 697 190 754 ut
208 678 396 754 discessere
412 678 590 769 Romani,
608 678 776 754 ndveetus
791 677 941 753 navibus
960 679 1063 779 prior
1079 679 1191 755 hostis
1199 735 1214 772 ,

145 798 248 896 quasi
274 813 452 870 mattuum
479 811 654 898 segetem,
681 795 787 871 obvia
813 816 967 898 quaeque
991 795 1058 869 sibi
1084 797 1212 890 caedit,

144 912 275 1002 caleat,
299 912 461 988 devorat.
481 914 618 987 lterum
632 908 770 1013 petenti
787 912 915 985 auxilia
934 912 1087 987 Romani
1105 911 1218 988 adto-

144 1032 238 1120 lant,
251 1046 289 1105 et
302 1030 586 1106 eoesumhostem
596 1048 697 1106 trans
707 1032 820 1104 maria
832 1030 973 1134 fugant,
989 1035 1215 1133 conjunctis·

144 1172 219 1248 qne
238 1144 305 1221 sibi
322 1144 525 1238 Britannis,
545 1170 693 1221 murum
707 1168 784 1222 non
802 1162 897 1222 terra
919 1162 962 1220 ut
982 1165 1066 1222 ante
1085 1149 1217 1248 pulve—

144 1290 272 1353 reum,
292 1264 352 1337 sed
374 1291 459 1338 saxo
475 1265 649 1354 solidum,
669 1266 765 1339 iuter
782 1265 961 1356 civitates,
982 1293 1063 1366 quae
1082 1262 1224 1341 ibidem·

144 1378 197 1453 ob
220 1397 358 1454 metum
380 1380 539 1455 hostium
558 1380 663 1454 faetae
689 1379 855 1471 fuerunt,
879 1384 1009 1454 amari
1037 1380 1216 1484 usquead

143 1522 248 1570 mare
263 1497 455 1572 ooiloeant.
475 1497 545 1572 Sed
562 1513 599 1572 et
615 1499 740 1572 littore
757 1497 957 1573 meridiano
973 1501 1107 1589 maris,
1132 1501 1216 1602 quia

143 1629 184 1688 et
202 1611 285 1689 inde
303 1612 415 1690 bostis
428 1612 643 1704 timebatur,
660 1631 777 1688 turres
791 1638 857 1714 per
872 1613 1057 1687 intervalia
1070 1614 1114 1688 ad
1131 1641 1219 1714 pro-

144 1745 310 1828 speutum
319 1730 430 1830 magis
439 1744 618 1803 statuunt.
630 1729 690 1801 sic
699 1728 904 1803 valedicunt
914 1729 1032 1816 sociis,
1046 1744 1217 1830 tanquam

144 1847 243 1920 ultra
260 1866 336 1922 non
353 1847 545 1922 mersuri.
570 1847 777 1922 Bonifatius
791 1847 917 1920 Romae
933 1846 1120 1947 episeopus
1130 1846 1219 1920 fecit
1344 1868 1351 1881 ⁴

145 1965 350 2039 oratorium
368 1966 406 2038 in
423 1964 603 2038 cimiterio
625 1978 757 2037 sanotae
777 1963 989 2054 Felicitatis,
1012 1977 1049 2036 et
1072 1961 1217 2036 ornavit

144 2082 354 2183 sepulerum
379 2086 454 2182 ejus
478 2098 515 2156 st
542 2082 654 2155 saneti
676 2074 820 2155 Silvini.
845 2081 1090 2181 Hieronymus
1112 2100 1218 2180 pres·

143 2198 256 2300 byter
272 2194 365 2272 obiit
382 2210 452 2271 ιειιο
469 2199 623 2274 Houorii
639 2222 737 2273 anno
746 2252 758 2289 ,
773 2209 817 2272 11⁰
829 2197 900 2272 kal.
919 2195 1102 2288 octobris,
1117 2219 1216 2271 anno

144 2317 264 2389 mutis
280 2336 353 2388 suas
369 2330 442 2388 ποι·
458 2317 531 2414 (ι).

196 2424 422 2507 'theodosius
443 2433 584 2522 minor,
604 2430 748 2507 Arcadii
770 2432 885 2521 filius,
906 2433 1010 2505 aunis
1031 2456 1128 2506 xxvi.
1145 2431 1220 2506 Vs-

146 2550 369 2625 lentinianus
391 2554 520 2652 junior
546 2552 749 2626 Constantii
773 2551 868 2625 filius
892 2553 1074 2626 Ravennae
1100 2550 1218 2650 impe-

145 2682 251 2742 ntor
290 2683 446 2743 creatur.
488 2667 642 2742 Placidia
682 2692 770 2742 vero
804 2681 921 2742 muter
959 2672 1033 2767 ejus
1071 2681 1216 2767 augusta

145 2801 395 2884 nuncupatur.
422 2786 540 2860 Effera
563 2810 650 2886 gens
670 2782 937 2876 vandalorum,
961 2783 1160 2857 Alanornm
1181 2792 1218 2857 et

147 2897 379 2988 Gothorum,
395 2899 440 2973 ab
457 2901 634 3000 Hispaniis
648 2899 692 2973 ad
704 2900 864 2974 Africam
878 2899 1076 2987 transiens,
1097 2898 1219 2972 omnia

147 3014 270 3107 fatu,
293 3017 457 3106 flamma,
483 3019 638 3118 rapinis,
669 3017 775 3090 simul
797 3032 834 3091 et
856 3014 1009 3090 Arriano
1036 3016 1218 3114 impietate

148 3130 314 3211 foedavit.
341 3134 410 3209 Sed
431 3134 556 3209 beatus
578 3133 801 3236 Augustinus
817 3132 1057 3234 Hipponensis
1082 3132 1219 3231 episco-

152 3276 238 3353 pus,
252 3268 291 3328 et
309 3254 475 3327 omnium
488 3252 617 3328 doctor
633 3253 784 3327 eximius
799 3248 1048 3338 ecclesiarum,
1066 3276 1113 3322 ne
1132 3246 1217 3320 civi-

183 3490 228 3565 (ι)
242 3488 418 3548 L’invention
431 3490 480 3548 des
491 3491 612 3567 reliques
630 3490 665 3548 de
681 3493 754 3548 saint
765 3479 881 3548 Etienne
893 3502 936 3547 est
951 3489 986 3546 de
1000 3488 1067 3559 415,
1082 3489 1151 3545 ainsi
1165 3504 1221 3564 qne

171 3580 295 3656 ΝΜ)
311 3580 431 3639 d’Orose
443 3598 479 3638 en
491 3582 637 3640 Palestine.
652 3582 677 3638 Α
694 3580 809 3656 lapisce
821 3580 871 3636 des
886 3589 978 3637 moto:
999 3583 1099 3636 iterum
1116 3583 1222 3651 petenti

177 3670 276 3741 filit,
288 3672 375 3748 qu’on
387 3684 485 3729 trouve
498 3673 568 3730 dans
578 3692 610 3729 ee
625 3673 809 3748 paragrapho,
824 3673 851 3729 le
866 3682 941 3729 texte
951 3669 1170 3746 correspondant
1184 3668 1221 3726 de

181 3750 229 3821 W
242 3768 326 3837 porte
339 3760 366 3816 ta
379 3758 460 3835 Iseon
474 3764 573 3818 iterum
589 3765 670 3836 petttr‘
679 3762 801 3830 auxilia,
815 3763 865 3837 qni
877 3761 947 3817 n’est
964 3758 1018 3836 pas'
1024 3760 1088 3835 pius
1102 3759 1219 3815 utissai-

187 3846 242 3907 Ἢ.
255 3846 338 3907 'lions
349 3865 468 3924 pensons
484 3850 569 3925 qu'on
582 3848 644 3906 doit
656 3850 708 3905 lire
721 3852 820 3906 iterum
830 3849 989 3922 petentibus
1001 3849 1118 3905 mileu.
1134 3846 1219 3903 boni-

192 3930 316 4013 ''fl'bb
326 3936 474 3998 mambre
487 3941 572 4010 arb-i
582 3941 737 4015 septembre
750 3946 814 4011 ω)
827 3941 870 3997 iut
878 3960 913 3997 en
922 3938 986 3997 effet
997 3941 1107 3996 enterre
1116 3938 1184 3993 dans
1192 3936 1219 3993 ie

198 4008 298 4097 libs·
309 4026 346 4087 sa
358 4028 595 4101 strennuus,
609 4032 648 4087 ou
665 4031 686 4087 u
704 4032 776 4087 auu
788 4028 838 4086 sn
852 4028 927 4086 mur
940 4048 980 4086 un
996 4029 1126 4086 omnin.
1141 4026 1219 4084 saint

203 4102 283 4189 Q,
300 4118 338 4175 ne
355 4136 416 4175 vers
430 4114 500 4188 342,
515 4130 630 4176 mourut
646 4122 672 4176 le
691 4118 726 4176 30
742 4121 899 4196 septembre
915 4124 983 4189 kao,
1003 4116 1071 4175 dens
1087 4117 1112 4173 la
1129 4117 1220 4192 vingt·

209 4194 273 4265 thr·
283 4217 313 4266 et
324 4224 382 4265 non
395 4207 497 4264 dassia
511 4209 654 4266 donzierne
668 4212 755 4267 annee
767 4209 806 4265 du
821 4212 906 4285 regne
918 4204 1096 4265 d'iionorins.
