2894 4958
269 366 308 427 28
417 419 421 429 .
543 362 725 427 HISTORIA
746 364 1049 428 ECCLESIASTICA.

320 484 424 557 Tunc
440 482 580 558 oblatus
604 502 658 560 est
679 487 710 560 εἰ
735 485 957 563 daemonium
980 487 1130 578 habens,
1157 513 1270 562 oaeous
1291 504 1329 564 et

269 617 412 691 mutus,
433 616 470 676 et
492 602 630 674 curavit
652 628 736 676 eum
759 604 808 676 ita
828 618 871 675 ut
891 602 1103 704 loqueretur
1119 618 1156 676 et
1175 602 1325 679 videret.

267 717 401 792 Scribis
428 734 547 792 autem
573 732 611 793 et
636 718 817 819 pharisaeis
845 730 951 819 opera
978 718 1110 792 Christi
1136 717 1329 819 depravare

266 837 408 910 sinistra
426 837 724 937 interpretatione
736 835 955 927 nitentibus,
969 852 1007 911 et
1018 835 1063 908 ab
1077 863 1120 912 εο
1132 838 1273 938 signum
1282 837 1328 912 de

267 953 363 1027 oo'elo
375 951 598 1054 petentibus,
614 954 688 1054 ipse
699 952 877 1052 profunde
890 968 926 1028 ει
935 952 1131 1052 spiritualia
1143 951 1324 1043 disseruit,

264 1068 396 1171 quibus
422 1070 535 1144 malos
557 1067 740 1170 redarguit
760 1083 796 1144 et
822 1067 937 1144 bonos
961 1069 1145 1142 instruxit.
1170 1068 1325 1144 Genera-

266 1187 356 1262 tioni
375 1212 520 1288 quoque
538 1202 693 1288 nequam
710 1187 852 1261 nullum
872 1187 941 1261 nisi
968 1190 1069 1262 Jonae
1093 1190 1235 1289 signum
1251 1214 1325 1262 esse

263 1302 421 1377 dandum
435 1301 640 1403 perbibuit3
660 1304 716 1376 oui
738 1304 899 1404 reginam
913 1305 1034 1377 Austri
1048 1359 1060 1394 ,
1079 1331 1160 1406 quae
1177 1305 1222 1379 de
1239 1304 1325 1378 fini-

263 1419 330 1492 bus
348 1436 455 1494 terroe
471 1421 680 1520 sapientiam
693 1420 893 1494 Salomonis
909 1419 1032 1494 audire
1045 1421 1166 1514 venit,
1185 1437 1223 1496 et
1237 1446 1324 1521 poe-

261 1534 418 1609 nitentes
432 1533 610 1608 Ninivitas
625 1537 746 1610 meriti
759 1535 1026 1634 comparatione
1038 1536 1265 1635 praeposuit(
1289 1534 1320 1634 ).

310 1650 425 1726 Matre
441 1677 528 1727 vero
545 1655 619 1752 ejus
635 1669 672 1726 ει
684 1650 856 1724 frutribus
873 1651 963 1734 soris
979 1649 1174 1742 stantibus,
1189 1668 1226 1726 et
1238 1644 1323 1725 eum

262 1766 325 1843 illo
338 1768 438 1869 loqui
457 1767 726 1870 quaerentibus,
746 1767 939 1842 extendens
955 1794 1102 1840 manum
1115 1768 1153 1840 in
1169 1766 1323 1868 discipu·

260 1884 314 1960 los
331 1911 426 1975 suos,
441 1884 533 1957 dixit
550 1916 558 1957 :
579 1885 807 1985 Quicumque
808 1881 944 1984 fecerit
959 1885 1182 1958 voluntatem
1193 1885 1321 1959 Patris

259 2001 348 2086 mei,
377 2002 442 2099 qui
465 2016 518 2073 est
542 2003 581 2072 in
603 1999 725 2087 coetu,
739 2001 824 2100 ipse
848 2025 948 2072 meus
960 1995 1087 2097 frater
1107 2016 1142 2070 et
1160 2024 1266 2073 soror
1286 2017 1321 2072 et

259 2130 376 2188 mater
389 2113 482 2186 milti
498 2115 581 2212 est(
605 2115 636 2212 ).
1035 2185 1038 2189 .

282 2232 349 2302 ·ln
375 2229 438 2302 illo
464 2228 522 2302 die
544 2228 664 2302 exiens
690 2230 790 2303 Jesus
817 2230 861 2304 de
886 2231 1020 2322 domo,
1050 2228 1193 2305 sedebat
1218 2255 1319 2304 secus

256 2343 369 2436 mure,
387 2360 424 2418 ει
436 2361 663 2447 'congregatae
674 2363 760 2420 sunt
772 2349 816 2420 ed
829 2337 911 2423 eum
924 2347 1039 2421 turbae
1051 2347 1244 2421 multoe.1n
1257 2374 1319 2420 nu-

256 2461 411 2537 vitulam
432 2463 643 2560 ascendens,
662 2464 774 2554 sedit,
796 2482 832 2541 et
850 2464 968 2538 turbae
994 2466 1102 2537 stanti
1127 2468 1166 2537 in
1192 2463 1319 2540 littore

255 2578 369 2654 multa
393 2583 429 2654 in
450 2579 628 2682 parabolis
653 2583 776 2657 edidit.
803 2586 855 2659 De
876 2584 1049 2686 agricola,
1072 2585 1136 2684 qui
1159 2584 1248 2658 exiit
1263 2608 1318 2658 se·

253 2693 415 2788 minare,
444 2697 610 2773 idoneam
635 2701 836 2801 operationi
864 2727 937 2774 suae
962 2699 1235 2774 similitudinem
1260 2725 1317 2774 os·

254 2814 390 2910 tendit3
419 2832 457 2889 et
480 2814 629 2915 deipsis
651 2816 867 2907 seminibus,
893 2843 1051 2917 quorum
1075 2844 1156 2917 pars
1177 2817 1312 2917 periit,

253 2931 337 3031 quia
354 2957 452 3005 secus
468 2933 562 3005 viam
578 2932 675 3006 aliud
693 2934 842 3023 cecidit,
867 2949 903 3008 et
923 2936 1173 3008 conculcatum
1192 2950 1246 3008 est
1268 2933 1314 3007 ab

252 3045 474 3137 bominibus,
493 3056 529 3122 et
544 3050 707 3124 volucres
720 3052 804 3124 coeli
818 3051 1051 3125 comoderunt
1059 3081 1070 3140 ;
1087 3049 1184 3123 aliud
1201 3050 1240 3123 in
1252 3077 1314 3151 pe·

251 3177 373 3253 trosa,
399 3163 495 3235 aliud
522 3164 560 3236 in
582 3166 722 3265 spinas,
749 3182 785 3237 et
810 3167 915 3239 variis
932 3164 1117 3239 eventibus
1140 3165 1312 3240 suffocata

252 3293 349 3352 sunt.
368 3279 455 3373 Quae
472 3305 559 3353 vero
575 3281 613 3353 in
629 3278 763 3353 bonam
777 3296 910 3354 terram
921 3280 1144 3370 ceciderunt,
1160 3279 1311 3354 uberem

249 3393 412 3468 fructum
437 3394 683 3470 reddiderunt.
705 3394 802 3488 Quid
821 3397 1024 3497 significent
1044 3396 1107 3469 iste
1117 3450 1129 3486 ‚
1150 3393 1311 3470 breviter

250 3526 288 3584 et
314 3511 451 3612 liquido
477 3511 567 3585 mihi
590 3508 785 3585 annotabo.
803 3513 942 3607 'Semeo
965 3525 1017 3586 est
1038 3509 1190 3584 verbum
1216 3512 1306 3601 Dei,

249 3643 345 3701 sator
357 3645 475 3703 autem
485 3628 666 3719 Christus,
679 3628 841 3701 volucres
854 3628 1042 3702 doemonia.
1058 3626 1125 3702 Via
1136 3643 1189 3701 est
1200 3653 1309 3727 prava

248 3771 368 3836 mens,
386 3746 561 3819 malarum
588 3744 847 3844 cogitationum
873 3742 995 3817 sedulo
1016 3757 1135 3815 meatu
1159 3741 1246 3815 trita
1270 3759 1308 3816 et

279 4030 584 4106 (1)Matth.xu,9-45;
598 4033 684 4087 Maro.
699 4048 745 4099 ιιι,
762 4029 808 4085 16
816 4055 823 4099 ;
835 4033 900 4088 Luc.
914 4031 1131 4102 v1,6-10.-·(a)
1144 4031 1245 4087 matth.
1255 4048 1302 4103 ιιι,

248 4120 346 4191 46-5ο;
361 4125 445 4179 Marc.
460 4120 560 4191 31-35;
575 4123 640 4177 Luc.
655 4138 719 4190 viii,
736 4128 823 4193 19-2'1.
