<?xml version="1.0" encoding="UTF-8"?>
<!DOCTYPE html PUBLIC "-//W3C//DTD XHTML 1.0 Transitional//EN"
    "http://www.w3.org/TR/xhtml1/DTD/xhtml1-transitional.dtd">
<html xmlns="http://www.w3.org/1999/xhtml" xml:lang="en" lang="en">
 <head>
  <title>
</title>
<meta http-equiv="Content-Type" content="text/html;charset=utf-8" />
  <meta name='ocr-system' content='tesseract 3.04.00' />
  <meta name='ocr-capabilities' content='ocr_page ocr_carea ocr_par ocr_line ocrx_word'/>
</head>
<body>
  <div class='ocr_page' id='page_1' title='image "./ordericivitalis02deligoog/ordericivitalis02deligoog_0446.png"; bbox 0 0 2894 4958; ppageno 0'>
   <div class='ocr_carea' id='block_1_1' title="bbox 539 424 1250 489">
    <p class='ocr_par' dir='ltr' id='par_1_1' title="bbox 539 424 1250 489">
     <span class='ocr_line' id='line_1_1' title="bbox 539 424 1250 489; baseline 0.007 -5"><span class='ocrx_word' id='word_1_1' title='bbox 539 424 656 485; x_wconf 81' lang='lat' dir='ltr'>LIBER</span> <span class='ocrx_word' id='word_1_2' title='bbox 676 424 887 486; x_wconf 86' lang='lat' dir='ltr'><strong>SECUNDUS.</strong></span> <span class='ocrx_word' id='word_1_3' title='bbox 1190 427 1250 489; x_wconf 72' lang='grc'><strong>438</strong></span> 
     </span>
    </p>
   </div>
   <div class='ocr_carea' id='block_1_2' title="bbox 155 544 1339 2743">
    <p class='ocr_par' dir='ltr' id='par_1_2' title="bbox 184 544 1251 760">
     <span class='ocr_line' id='line_1_2' title="bbox 184 544 1251 648; baseline -0.002 -26"><span class='ocrx_word' id='word_1_4' title='bbox 184 551 332 624; x_wconf 89' lang='lat' dir='ltr'><strong>Petrum</strong></span> <span class='ocrx_word' id='word_1_5' title='bbox 344 545 547 648; x_wconf 78' lang='lat' dir='ltr'><strong>apostolum</strong></span> <span class='ocrx_word' id='word_1_6' title='bbox 561 544 719 643; x_wconf 84' lang='lat' dir='ltr'><strong>sepultus</strong></span> <span class='ocrx_word' id='word_1_7' title='bbox 733 560 806 632; x_wconf 88' lang='lat' dir='ltr'><strong>est,</strong></span> <span class='ocrx_word' id='word_1_8' title='bbox 822 559 858 617; x_wconf 91' lang='lat' dir='ltr'><strong>et</strong></span> <span class='ocrx_word' id='word_1_9' title='bbox 871 545 1017 617; x_wconf 84' lang='lat' dir='ltr'><strong>cessavit</strong></span> <span class='ocrx_word' id='word_1_10' title='bbox 1029 546 1251 647; x_wconf 85' lang='lat' dir='ltr'><strong>episcopatus</strong></span> 
     </span>
     <span class='ocr_line' id='line_1_3' title="bbox 184 661 703 760; baseline -0.012 -21"><span class='ocrx_word' id='word_1_11' title='bbox 184 693 306 740; x_wconf 91' lang='lat' dir='ltr'><strong>mense</strong></span> <span class='ocrx_word' id='word_1_12' title='bbox 324 690 399 738; x_wconf 91' lang='lat' dir='ltr'><strong>uno</strong></span> <span class='ocrx_word' id='word_1_13' title='bbox 416 661 540 736; x_wconf 89' lang='lat' dir='ltr'><strong>diebus</strong></span> <span class='ocrx_word' id='word_1_14' title='bbox 558 687 620 735; x_wconf 84' lang='lat' dir='ltr'><strong>xvi</strong></span> <span class='ocrx_word' id='word_1_15' title='bbox 637 666 649 760; x_wconf 87' lang='lat'>(</span> <span class='ocrx_word' id='word_1_16' title='bbox 677 665 703 757; x_wconf 86' lang='lat'><strong>).</strong></span> 
     </span>
    </p>

    <p class='ocr_par' dir='ltr' id='par_1_3' title="bbox 155 777 1339 2743">
     <span class='ocr_line' id='line_1_4' title="bbox 235 777 1252 855; baseline -0.001 0"><span class='ocrx_word' id='word_1_17' title='bbox 235 782 417 855; x_wconf 82' lang='lat' dir='ltr'><strong>Martinus</strong></span> <span class='ocrx_word' id='word_1_18' title='bbox 448 777 667 850; x_wconf 81' lang='lat' dir='ltr'>Tudertinus</span> <span class='ocrx_word' id='word_1_19' title='bbox 699 778 790 850; x_wconf 90' lang='lat' dir='ltr'><strong>sedit</strong></span> <span class='ocrx_word' id='word_1_20' title='bbox 822 778 925 850; x_wconf 86' lang='lat' dir='ltr'><strong>annis</strong></span> <span class='ocrx_word' id='word_1_21' title='bbox 958 802 994 850; x_wconf 83' lang='lat' dir='ltr'><strong>vi</strong></span> <span class='ocrx_word' id='word_1_22' title='bbox 1024 805 1145 852; x_wconf 89' lang='lat' dir='ltr'><strong>mense</strong></span> <span class='ocrx_word' id='word_1_23' title='bbox 1176 805 1252 855; x_wconf 91' lang='lat' dir='ltr'><strong>uno</strong></span> 
     </span>
     <span class='ocr_line' id='line_1_5' title="bbox 158 894 1255 995; baseline -0.002 -24"><span class='ocrx_word' id='word_1_24' title='bbox 158 896 162 902; x_wconf 49' lang='lat'><strong>⁴</strong></span> <span class='ocrx_word' id='word_1_25' title='bbox 185 897 310 971; x_wconf 90' lang='lat' dir='ltr'><strong>diebus</strong></span> <span class='ocrx_word' id='word_1_26' title='bbox 326 921 425 969; x_wconf 83' lang='lat' dir='ltr'><strong>xxvi.</strong></span> <span class='ocrx_word' id='word_1_27' title='bbox 444 897 557 992; x_wconf 87' lang='lat' dir='ltr'><strong>Hujus</strong></span> <span class='ocrx_word' id='word_1_28' title='bbox 576 910 737 993; x_wconf 91' lang='lat' dir='ltr'><strong>tempore</strong></span> <span class='ocrx_word' id='word_1_29' title='bbox 747 895 876 965; x_wconf 86' lang='lat' dir='ltr'><strong>Paulus</strong></span> <span class='ocrx_word' id='word_1_30' title='bbox 893 894 1255 995; x_wconf 84' lang='lat' dir='ltr'><strong>constantinopolita·</strong></span> 
     </span>
     <span class='ocr_line' id='line_1_6' title="bbox 155 1010 1252 1113; baseline -0.002 -25"><span class='ocrx_word' id='word_1_31' title='bbox 155 1034 255 1088; x_wconf 65' lang='lat' dir='ltr'><strong>”nus</strong></span> <span class='ocrx_word' id='word_1_32' title='bbox 280 1015 465 1113; x_wconf 88' lang='lat' dir='ltr'><strong>episcopus</strong></span> <span class='ocrx_word' id='word_1_33' title='bbox 492 1026 617 1085; x_wconf 84' lang='lat' dir='ltr'><strong>contra</strong></span> <span class='ocrx_word' id='word_1_34' title='bbox 640 1010 856 1084; x_wconf 87' lang='lat' dir='ltr'><strong>catholicum</strong></span> <span class='ocrx_word' id='word_1_35' title='bbox 879 1013 1006 1111; x_wconf 82' lang='lat' dir='ltr'>dogma</span> <span class='ocrx_word' id='word_1_36' title='bbox 1036 1013 1252 1104; x_wconf 80' lang='lat' dir='ltr'><strong>insurrexit,</strong></span> 
     </span>
     <span class='ocr_line' id='line_1_7' title="bbox 187 1126 1255 1226; baseline -0.001 -21"><span class='ocrx_word' id='word_1_37' title='bbox 187 1145 225 1205; x_wconf 86' lang='lat' dir='ltr'><strong>ct</strong></span> <span class='ocrx_word' id='word_1_38' title='bbox 240 1156 400 1203; x_wconf 84' lang='lat' dir='ltr'><strong>romanae</strong></span> <span class='ocrx_word' id='word_1_39' title='bbox 420 1128 511 1201; x_wconf 93' lang='lat' dir='ltr'><strong>sedis</strong></span> <span class='ocrx_word' id='word_1_40' title='bbox 529 1128 639 1201; x_wconf 83' lang='lat' dir='ltr'><strong>altare</strong></span> <span class='ocrx_word' id='word_1_41' title='bbox 649 1178 660 1214; x_wconf 88' lang='lat'><em>,</em></span> <span class='ocrx_word' id='word_1_42' title='bbox 681 1126 780 1226; x_wconf 88' lang='lat' dir='ltr'><strong>quod</strong></span> <span class='ocrx_word' id='word_1_43' title='bbox 804 1128 841 1199; x_wconf 90' lang='lat' dir='ltr'><strong>in</strong></span> <span class='ocrx_word' id='word_1_44' title='bbox 860 1128 970 1200; x_wconf 92' lang='lat' dir='ltr'><strong>domo</strong></span> <span class='ocrx_word' id='word_1_45' title='bbox 987 1129 1150 1202; x_wconf 85' lang='lat' dir='ltr'><strong>Placidiae</strong></span> <span class='ocrx_word' id='word_1_46' title='bbox 1169 1156 1255 1204; x_wconf 88' lang='lat' dir='ltr'><strong>con·</strong></span> 
     </span>
     <span class='ocr_line' id='line_1_8' title="bbox 187 1240 1339 1344; baseline -0.003 -22"><span class='ocrx_word' id='word_1_47' title='bbox 187 1263 364 1322; x_wconf 75' lang='lat' dir='ltr'><strong>secretum</strong></span> <span class='ocrx_word' id='word_1_48' title='bbox 378 1260 473 1334; x_wconf 85' lang='lat' dir='ltr'><strong>erat,</strong></span> <span class='ocrx_word' id='word_1_49' title='bbox 492 1262 625 1318; x_wconf 84' lang='lat' dir='ltr'><strong>temere</strong></span> <span class='ocrx_word' id='word_1_50' title='bbox 640 1242 850 1318; x_wconf 80' lang='lat' dir='ltr'><strong>subvertens</strong></span> <span class='ocrx_word' id='word_1_51' title='bbox 868 1244 1039 1342; x_wconf 80' lang='lat' dir='ltr'><strong>diripuit3</strong></span> <span class='ocrx_word' id='word_1_52' title='bbox 1059 1245 1256 1344; x_wconf 86' lang='lat' dir='ltr'><strong>prohibens</strong></span> <span class='ocrx_word' id='word_1_53' title='bbox 1334 1240 1339 1258; x_wconf 67' lang='lat'>⁸</span> 
     </span>
     <span class='ocr_line' id='line_1_9' title="bbox 186 1361 1257 1465; baseline -0.003 -26"><span class='ocrx_word' id='word_1_54' title='bbox 186 1393 235 1439; x_wconf 89' lang='lat' dir='ltr'><strong>ne</strong></span> <span class='ocrx_word' id='word_1_55' title='bbox 265 1363 483 1465; x_wconf 82' lang='lat' dir='ltr'><strong>apocrisiarii</strong></span> <span class='ocrx_word' id='word_1_56' title='bbox 515 1363 656 1435; x_wconf 85' lang='lat' dir='ltr'><strong>romani</strong></span> <span class='ocrx_word' id='word_1_57' title='bbox 692 1361 868 1450; x_wconf 85' lang='lat' dir='ltr'><strong>adorare,</strong></span> <span class='ocrx_word' id='word_1_58' title='bbox 904 1362 961 1434; x_wconf 74' lang='lat' dir='ltr'><strong>vel</strong></span> <span class='ocrx_word' id='word_1_59' title='bbox 995 1364 1257 1436; x_wconf 81' lang='lat' dir='ltr'><strong>immaculatum</strong></span> 
     </span>
     <span class='ocr_line' id='line_1_10' title="bbox 187 1478 1258 1565; baseline -0.002 -9"><span class='ocrx_word' id='word_1_60' title='bbox 187 1482 344 1556; x_wconf 86' lang='lat' dir='ltr'><strong>bostiam</strong></span> <span class='ocrx_word' id='word_1_61' title='bbox 359 1481 436 1554; x_wconf 85' lang='lat' dir='ltr'><strong>Deo</strong></span> <span class='ocrx_word' id='word_1_62' title='bbox 454 1479 587 1552; x_wconf 90' lang='lat' dir='ltr'><strong>ibidem</strong></span> <span class='ocrx_word' id='word_1_63' title='bbox 601 1479 732 1553; x_wconf 82' lang='lat' dir='ltr'><strong>offerre</strong></span> <span class='ocrx_word' id='word_1_64' title='bbox 744 1478 925 1565; x_wconf 86' lang='lat' dir='ltr'><strong>valerent,</strong></span> <span class='ocrx_word' id='word_1_65' title='bbox 942 1506 1007 1552; x_wconf 91' lang='lat' dir='ltr'><strong>nec</strong></span> <span class='ocrx_word' id='word_1_66' title='bbox 1025 1483 1258 1554; x_wconf 91' lang='lat' dir='ltr'><strong>communio-</strong></span> 
     </span>
     <span class='ocr_line' id='line_1_11' title="bbox 187 1593 1258 1693; baseline -0.001 -22"><span class='ocrx_word' id='word_1_67' title='bbox 187 1599 246 1671; x_wconf 91' lang='lat' dir='ltr'><strong>nis</strong></span> <span class='ocrx_word' id='word_1_68' title='bbox 259 1612 477 1670; x_wconf 84' lang='lat' dir='ltr'><strong>sacrumenta</strong></span> <span class='ocrx_word' id='word_1_69' title='bbox 493 1595 734 1693; x_wconf 83' lang='lat' dir='ltr'><strong>perciperent.</strong></span> <span class='ocrx_word' id='word_1_70' title='bbox 748 1593 806 1665; x_wconf 83' lang='lat' dir='ltr'><strong>Ab</strong></span> <span class='ocrx_word' id='word_1_71' title='bbox 822 1595 953 1666; x_wconf 90' lang='lat' dir='ltr'><strong>eisdem</strong></span> <span class='ocrx_word' id='word_1_72' title='bbox 971 1611 1106 1692; x_wconf 78' lang='lat' dir='ltr'><strong>ergoet</strong></span> <span class='ocrx_word' id='word_1_73' title='bbox 1122 1595 1168 1668; x_wconf 85' lang='lat' dir='ltr'><strong>ab</strong></span> <span class='ocrx_word' id='word_1_74' title='bbox 1181 1597 1258 1670; x_wconf 84' lang='lat' dir='ltr'><strong>aliis</strong></span> 
     </span>
     <span class='ocr_line' id='line_1_12' title="bbox 188 1708 1258 1810; baseline -0.004 -24"><span class='ocrx_word' id='word_1_75' title='bbox 188 1711 401 1788; x_wconf 82' lang='lat' dir='ltr'><strong>orthodoxis</strong></span> <span class='ocrx_word' id='word_1_76' title='bbox 411 1708 625 1810; x_wconf 73' lang='lat' dir='ltr'><strong>praesulibus</strong></span> <span class='ocrx_word' id='word_1_77' title='bbox 642 1709 900 1799; x_wconf 90' lang='lat' dir='ltr'><strong>commonitus,</strong></span> <span class='ocrx_word' id='word_1_78' title='bbox 915 1710 1084 1780; x_wconf 84' lang='lat' dir='ltr'><strong>insanivit</strong></span> <span class='ocrx_word' id='word_1_79' title='bbox 1095 1711 1132 1782; x_wconf 95' lang='lat' dir='ltr'><strong>in</strong></span> <span class='ocrx_word' id='word_1_80' title='bbox 1143 1716 1258 1810; x_wconf 88' lang='lat' dir='ltr'><strong>pejus,</strong></span> 
     </span>
     <span class='ocr_line' id='line_1_13' title="bbox 191 1825 1259 1929; baseline 0 -28"><span class='ocrx_word' id='word_1_81' title='bbox 191 1831 238 1904; x_wconf 84' lang='lat' dir='ltr'><strong>ita</strong></span> <span class='ocrx_word' id='word_1_82' title='bbox 261 1845 304 1902; x_wconf 91' lang='lat' dir='ltr'><strong>ut</strong></span> <span class='ocrx_word' id='word_1_83' title='bbox 319 1828 493 1929; x_wconf 88' lang='lat' dir='ltr'><strong>quosdam</strong></span> <span class='ocrx_word' id='word_1_84' title='bbox 508 1854 636 1900; x_wconf 93' lang='lat' dir='ltr'><strong>eorum</strong></span> <span class='ocrx_word' id='word_1_85' title='bbox 653 1828 690 1898; x_wconf 94' lang='lat' dir='ltr'><strong>in</strong></span> <span class='ocrx_word' id='word_1_86' title='bbox 713 1825 910 1898; x_wconf 84' lang='lat' dir='ltr'><strong>custodiam</strong></span> <span class='ocrx_word' id='word_1_87' title='bbox 928 1826 1151 1918; x_wconf 86' lang='lat' dir='ltr'><strong>retruderet,</strong></span> <span class='ocrx_word' id='word_1_88' title='bbox 1171 1830 1259 1904; x_wconf 87' lang='lat' dir='ltr'><strong>alios</strong></span> 
     </span>
     <span class='ocr_line' id='line_1_14' title="bbox 190 1940 1261 2043; baseline -0.001 -26"><span class='ocrx_word' id='word_1_89' title='bbox 190 1946 231 2017; x_wconf 91' lang='lat' dir='ltr'><strong>in</strong></span> <span class='ocrx_word' id='word_1_90' title='bbox 256 1945 404 2018; x_wconf 84' lang='lat' dir='ltr'><strong>exilium</strong></span> <span class='ocrx_word' id='word_1_91' title='bbox 429 1943 653 2043; x_wconf 86' lang='lat' dir='ltr'><strong>deportaret,</strong></span> <span class='ocrx_word' id='word_1_92' title='bbox 682 1941 769 2013; x_wconf 84' lang='lat' dir='ltr'><strong>alios</strong></span> <span class='ocrx_word' id='word_1_93' title='bbox 796 1957 915 2014; x_wconf 88' lang='lat' dir='ltr'><strong>autem</strong></span> <span class='ocrx_word' id='word_1_94' title='bbox 940 1940 1149 2014; x_wconf 87' lang='lat' dir='ltr'><strong>verberibus</strong></span> <span class='ocrx_word' id='word_1_95' title='bbox 1174 1943 1261 2016; x_wconf 91' lang='lat' dir='ltr'><strong>sub-</strong></span> 
     </span>
     <span class='ocr_line' id='line_1_15' title="bbox 190 2054 1260 2156; baseline 0.003 -25"><span class='ocrx_word' id='word_1_96' title='bbox 190 2061 363 2136; x_wconf 85' lang='lat' dir='ltr'><strong>mitteret.</strong></span> <span class='ocrx_word' id='word_1_97' title='bbox 393 2061 498 2131; x_wconf 68' lang='lat' dir='ltr'><strong>Tunc</strong></span> <span class='ocrx_word' id='word_1_98' title='bbox 518 2057 696 2130; x_wconf 86' lang='lat' dir='ltr'><strong>Martinus</strong></span> <span class='ocrx_word' id='word_1_99' title='bbox 719 2084 807 2156; x_wconf 87' lang='lat' dir='ltr'><strong>papa</strong></span> <span class='ocrx_word' id='word_1_100' title='bbox 829 2057 866 2128; x_wconf 94' lang='lat' dir='ltr'><strong>in</strong></span> <span class='ocrx_word' id='word_1_101' title='bbox 889 2054 979 2129; x_wconf 90' lang='lat' dir='ltr'><strong>urbe</strong></span> <span class='ocrx_word' id='word_1_102' title='bbox 1000 2057 1114 2129; x_wconf 84' lang='lat' dir='ltr'><strong>Roma</strong></span> <span class='ocrx_word' id='word_1_103' title='bbox 1138 2085 1157 2132; x_wconf 91' lang='lat' dir='ltr'><strong>c</strong></span> <span class='ocrx_word' id='word_1_104' title='bbox 1179 2074 1215 2133; x_wconf 90' lang='lat' dir='ltr'><strong>et</strong></span> <span class='ocrx_word' id='word_1_105' title='bbox 1235 2077 1260 2134; x_wconf 77' lang='lat' dir='ltr'>v</span> 
     </span>
     <span class='ocr_line' id='line_1_16' title="bbox 190 2172 1261 2275; baseline 0.001 -26"><span class='ocrx_word' id='word_1_106' title='bbox 190 2177 360 2275; x_wconf 84' lang='lat' dir='ltr'><strong>praesuies</strong></span> <span class='ocrx_word' id='word_1_107' title='bbox 384 2174 634 2275; x_wconf 81' lang='lat' dir='ltr'><strong>congregavit,</strong></span> <span class='ocrx_word' id='word_1_108' title='bbox 659 2189 695 2247; x_wconf 89' lang='lat' dir='ltr'><strong>et</strong></span> <span class='ocrx_word' id='word_1_109' title='bbox 716 2173 890 2246; x_wconf 81' lang='lat' dir='ltr'><strong>damnatis</strong></span> <span class='ocrx_word' id='word_1_110' title='bbox 917 2172 1112 2246; x_wconf 83' lang='lat' dir='ltr'><strong>haeresibus</strong></span> <span class='ocrx_word' id='word_1_111' title='bbox 1133 2176 1261 2250; x_wconf 60' lang='lat' dir='ltr'><strong>Eccle⁴</strong></span> 
     </span>
     <span class='ocr_line' id='line_1_17' title="bbox 192 2292 1262 2385; baseline 0.002 -19"><span class='ocrx_word' id='word_1_112' title='bbox 192 2296 281 2366; x_wconf 86' lang='lat' dir='ltr'><strong>siam</strong></span> <span class='ocrx_word' id='word_1_113' title='bbox 304 2295 367 2367; x_wconf 90' lang='lat' dir='ltr'><strong>Dei</strong></span> <span class='ocrx_word' id='word_1_114' title='bbox 395 2293 636 2366; x_wconf 80' lang='lat' dir='ltr'><strong>confirmavit.</strong></span> <span class='ocrx_word' id='word_1_115' title='bbox 662 2293 787 2365; x_wconf 84' lang='lat' dir='ltr'><strong>Postea</strong></span> <span class='ocrx_word' id='word_1_116' title='bbox 811 2292 985 2364; x_wconf 89' lang='lat' dir='ltr'><strong>instinctu</strong></span> <span class='ocrx_word' id='word_1_117' title='bbox 1011 2294 1136 2385; x_wconf 82' lang='lat' dir='ltr'><strong>Pauli,</strong></span> <span class='ocrx_word' id='word_1_118' title='bbox 1160 2295 1262 2368; x_wconf 88' lang='lat' dir='ltr'><strong>Gon-</strong></span> 
     </span>
     <span class='ocr_line' id='line_1_18' title="bbox 192 2407 1263 2508; baseline 0.003 -26"><span class='ocrx_word' id='word_1_119' title='bbox 192 2411 372 2483; x_wconf 78' lang='lat' dir='ltr'><strong>stsntinus</strong></span> <span class='ocrx_word' id='word_1_120' title='bbox 392 2411 588 2508; x_wconf 84' lang='lat' dir='ltr'><strong>imperator</strong></span> <span class='ocrx_word' id='word_1_121' title='bbox 601 2407 835 2482; x_wconf 89' lang='lat' dir='ltr'><strong>Theodorum</strong></span> <span class='ocrx_word' id='word_1_122' title='bbox 851 2407 1044 2481; x_wconf 80' lang='lat' dir='ltr'><strong>exarchum</strong></span> <span class='ocrx_word' id='word_1_123' title='bbox 1065 2410 1103 2481; x_wconf 92' lang='lat' dir='ltr'><strong>in</strong></span> <span class='ocrx_word' id='word_1_124' title='bbox 1124 2411 1263 2485; x_wconf 85' lang='lat' dir='ltr'><strong>ltaliam</strong></span> 
     </span>
     <span class='ocr_line' id='line_1_19' title="bbox 192 2525 1265 2624; baseline 0.002 -25"><span class='ocrx_word' id='word_1_125' title='bbox 192 2528 310 2614; x_wconf 91' lang='lat' dir='ltr'><strong>misit,</strong></span> <span class='ocrx_word' id='word_1_126' title='bbox 330 2543 366 2600; x_wconf 90' lang='lat' dir='ltr'><strong>et</strong></span> <span class='ocrx_word' id='word_1_127' title='bbox 380 2528 580 2599; x_wconf 88' lang='lat' dir='ltr'><strong>Martinum</strong></span> <span class='ocrx_word' id='word_1_128' title='bbox 590 2551 718 2624; x_wconf 81' lang='lat' dir='ltr'><strong>papam</strong></span> <span class='ocrx_word' id='word_1_129' title='bbox 733 2551 799 2624; x_wconf 90' lang='lat' dir='ltr'><strong>per</strong></span> <span class='ocrx_word' id='word_1_130' title='bbox 812 2552 895 2598; x_wconf 92' lang='lat' dir='ltr'><strong>eum</strong></span> <span class='ocrx_word' id='word_1_131' title='bbox 909 2525 1126 2599; x_wconf 86' lang='lat' dir='ltr'><strong>Chersonam</strong></span> <span class='ocrx_word' id='word_1_132' title='bbox 1140 2528 1177 2600; x_wconf 91' lang='lat' dir='ltr'><strong>in</strong></span> <span class='ocrx_word' id='word_1_133' title='bbox 1191 2530 1265 2601; x_wconf 80' lang='lat' dir='ltr'><strong>exi-</strong></span> 
     </span>
     <span class='ocr_line' id='line_1_20' title="bbox 192 2641 1263 2743; baseline 0.002 -28"><span class='ocrx_word' id='word_1_134' title='bbox 192 2645 285 2716; x_wconf 90' lang='lat' dir='ltr'><strong>lium</strong></span> <span class='ocrx_word' id='word_1_135' title='bbox 302 2644 383 2716; x_wconf 90' lang='lat' dir='ltr'><strong>duci</strong></span> <span class='ocrx_word' id='word_1_136' title='bbox 405 2644 508 2733; x_wconf 87' lang='lat' dir='ltr'><strong>fecit,</strong></span> <span class='ocrx_word' id='word_1_137' title='bbox 528 2641 590 2714; x_wconf 93' lang='lat' dir='ltr'><strong>ubi</strong></span> <span class='ocrx_word' id='word_1_138' title='bbox 610 2656 752 2715; x_wconf 85' lang='lat' dir='ltr'><strong>sanctus</strong></span> <span class='ocrx_word' id='word_1_139' title='bbox 772 2641 905 2743; x_wconf 82' lang='lat' dir='ltr'><strong>praesul</strong></span> <span class='ocrx_word' id='word_1_140' title='bbox 924 2657 985 2715; x_wconf 83' lang='lat' dir='ltr'><strong>xv⁰</strong></span> <span class='ocrx_word' id='word_1_141' title='bbox 1007 2642 1078 2714; x_wconf 84' lang='lat' dir='ltr'><strong>kal.</strong></span> <span class='ocrx_word' id='word_1_142' title='bbox 1102 2644 1263 2718; x_wconf 82' lang='lat' dir='ltr'><strong>octobris</strong></span> 
     </span>
    </p>
   </div>
   <div class='ocr_carea' id='block_1_3' title="bbox 193 2760 369 2860">
    <p class='ocr_par' dir='ltr' id='par_1_4' title="bbox 193 2760 369 2860">
     <span class='ocr_line' id='line_1_21' title="bbox 193 2760 369 2860; baseline -0.011 -25"><span class='ocrx_word' id='word_1_143' title='bbox 193 2760 316 2860; x_wconf 78' lang='lat' dir='ltr'><strong>obn(</strong></span> <span class='ocrx_word' id='word_1_144' title='bbox 340 2763 369 2859; x_wconf 83' lang='grc'><strong>).</strong></span> 
     </span>
    </p>
   </div>
   <div class='ocr_carea' id='block_1_4' title="bbox 195 3118 1282 4358">
    <p class='ocr_par' dir='ltr' id='par_1_5' title="bbox 195 3118 1282 3997">
     <span class='ocr_line' id='line_1_22' title="bbox 230 3118 1261 3194; baseline -0.001 -17"><span class='ocrx_word' id='word_1_145' title='bbox 230 3125 270 3194; x_wconf 87' lang='grc' dir='ltr'><strong>(ι)</strong></span> <span class='ocrx_word' id='word_1_146' title='bbox 288 3125 333 3193; x_wconf 64' lang='grc'><strong>494</strong></span> <span class='ocrx_word' id='word_1_147' title='bbox 346 3121 494 3177; x_wconf 84' lang='lat' dir='ltr'><strong>novembre</strong></span> <span class='ocrx_word' id='word_1_148' title='bbox 505 3118 610 3187; x_wconf 66' lang='lat' dir='ltr'><strong>dtu-13</strong></span> <span class='ocrx_word' id='word_1_149' title='bbox 627 3121 682 3174; x_wconf 85' lang='lat' dir='ltr'><strong>mai</strong></span> <span class='ocrx_word' id='word_1_150' title='bbox 699 3119 773 3193; x_wconf 80' lang='grc'>649.)</span> <span class='ocrx_word' id='word_1_151' title='bbox 785 3121 954 3175; x_wconf 75' lang='lat' dir='ltr'><strong>Intartizare</strong></span> <span class='ocrx_word' id='word_1_152' title='bbox 968 3120 1074 3193; x_wconf 84' lang='lat' dir='ltr'><strong>signifie</strong></span> <span class='ocrx_word' id='word_1_153' title='bbox 1087 3131 1115 3174; x_wconf 89' lang='lat' dir='ltr'><strong>se</strong></span> <span class='ocrx_word' id='word_1_154' title='bbox 1134 3121 1261 3192; x_wconf 78' lang='lat' dir='ltr'><strong>revolter,</strong></span> 
     </span>
     <span class='ocr_line' id='line_1_23' title="bbox 195 3210 1264 3284; baseline -0.003 -15"><span class='ocrx_word' id='word_1_155' title='bbox 195 3225 224 3270; x_wconf 90' lang='lat' dir='ltr'><strong>et</strong></span> <span class='ocrx_word' id='word_1_156' title='bbox 233 3214 393 3280; x_wconf 82' lang='lat' dir='ltr'><strong>imbriatus,</strong></span> <span class='ocrx_word' id='word_1_157' title='bbox 405 3211 548 3266; x_wconf 78' lang='lat' dir='ltr'><strong>enehaine.</strong></span> <span class='ocrx_word' id='word_1_158' title='bbox 560 3210 637 3264; x_wconf 87' lang='lat' dir='ltr'><strong>Nous</strong></span> <span class='ocrx_word' id='word_1_159' title='bbox 646 3227 797 3283; x_wconf 90' lang='lat' dir='ltr'><strong>supposons</strong></span> <span class='ocrx_word' id='word_1_160' title='bbox 807 3229 862 3284; x_wconf 91' lang='lat' dir='ltr'><strong>que</strong></span> <span class='ocrx_word' id='word_1_161' title='bbox 874 3211 899 3265; x_wconf 90' lang='lat' dir='ltr'><strong>le</strong></span> <span class='ocrx_word' id='word_1_162' title='bbox 909 3210 1059 3264; x_wconf 75' lang='lat' dir='ltr'><strong>substantii</strong></span> <span class='ocrx_word' id='word_1_163' title='bbox 1066 3211 1264 3266; x_wconf 82' lang='lat' dir='ltr'><strong>sous-entendu</strong></span> 
     </span>
     <span class='ocr_line' id='line_1_24' title="bbox 196 3297 1262 3376; baseline -0.004 -19"><span class='ocrx_word' id='word_1_164' title='bbox 196 3301 298 3376; x_wconf 80' lang='lat' dir='ltr'><strong>auquel</strong></span> <span class='ocrx_word' id='word_1_165' title='bbox 310 3298 460 3372; x_wconf 85' lang='lat' dir='ltr'><strong>s&#39;appiique</strong></span> <span class='ocrx_word' id='word_1_166' title='bbox 473 3317 504 3352; x_wconf 85' lang='lat' dir='ltr'><strong>oe</strong></span> <span class='ocrx_word' id='word_1_167' title='bbox 516 3297 628 3352; x_wconf 88' lang='lat' dir='ltr'><strong>dernier</strong></span> <span class='ocrx_word' id='word_1_168' title='bbox 639 3309 697 3353; x_wconf 90' lang='lat' dir='ltr'><strong>mot</strong></span> <span class='ocrx_word' id='word_1_169' title='bbox 711 3309 751 3352; x_wconf 91' lang='lat' dir='ltr'><strong>est</strong></span> <span class='ocrx_word' id='word_1_170' title='bbox 765 3298 885 3373; x_wconf 81' lang='lat' dir='ltr'><strong>judices.</strong></span> <span class='ocrx_word' id='word_1_171' title='bbox 900 3299 1023 3351; x_wconf 84' lang='lat' dir='ltr'><strong>Maurico</strong></span> <span class='ocrx_word' id='word_1_172' title='bbox 1035 3297 1133 3352; x_wconf 80' lang='lat' dir='ltr'><strong>s‘etant</strong></span> <span class='ocrx_word' id='word_1_173' title='bbox 1145 3298 1262 3371; x_wconf 65' lang='lat' dir='ltr'><strong>refugit,</strong></span> 
     </span>
     <span class='ocr_line' id='line_1_25' title="bbox 195 3383 1263 3463; baseline -0.004 -18"><span class='ocrx_word' id='word_1_174' title='bbox 195 3391 275 3463; x_wconf 73' lang='lat' dir='ltr'><strong>apres</strong></span> <span class='ocrx_word' id='word_1_175' title='bbox 285 3387 311 3442; x_wconf 91' lang='lat' dir='ltr'><strong>le</strong></span> <span class='ocrx_word' id='word_1_176' title='bbox 320 3387 422 3460; x_wconf 82' lang='lat' dir='ltr'><strong>pillage</strong></span> <span class='ocrx_word' id='word_1_177' title='bbox 431 3385 470 3439; x_wconf 91' lang='lat' dir='ltr'><strong>du</strong></span> <span class='ocrx_word' id='word_1_178' title='bbox 479 3387 568 3440; x_wconf 73' lang='lat' dir='ltr'><strong>tresor</strong></span> <span class='ocrx_word' id='word_1_179' title='bbox 577 3385 670 3458; x_wconf 79' lang='lat' dir='ltr'><strong>papai,</strong></span> <span class='ocrx_word' id='word_1_180' title='bbox 682 3385 750 3439; x_wconf 87' lang='lat' dir='ltr'><strong>dans</strong></span> <span class='ocrx_word' id='word_1_181' title='bbox 760 3384 863 3458; x_wconf 76' lang='lat' dir='ltr'><strong>l’egiise</strong></span> <span class='ocrx_word' id='word_1_182' title='bbox 875 3383 910 3438; x_wconf 90' lang='lat' dir='ltr'><strong>de</strong></span> <span class='ocrx_word' id='word_1_183' title='bbox 922 3384 1263 3457; x_wconf 75' lang='lat' dir='ltr'><strong>sainte-Marie-Majeure,</strong></span> 
     </span>
     <span class='ocr_line' id='line_1_26' title="bbox 195 3471 1282 3549; baseline -0.001 -16"><span class='ocrx_word' id='word_1_184' title='bbox 195 3478 413 3543; x_wconf 71' lang='lat' dir='ltr'><strong>comtemnit,</strong></span> <span class='ocrx_word' id='word_1_185' title='bbox 429 3476 492 3549; x_wconf 91' lang='lat' dir='ltr'><strong>puis</strong></span> <span class='ocrx_word' id='word_1_186' title='bbox 509 3474 634 3547; x_wconf 76' lang='lat' dir='ltr'><strong>decapite</strong></span> <span class='ocrx_word' id='word_1_187' title='bbox 650 3494 699 3548; x_wconf 85' lang='lat' dir='ltr'><strong>par</strong></span> <span class='ocrx_word' id='word_1_188' title='bbox 713 3475 751 3530; x_wconf 89' lang='lat' dir='ltr'><strong>les</strong></span> <span class='ocrx_word' id='word_1_189' title='bbox 762 3475 864 3530; x_wconf 87' lang='lat' dir='ltr'><strong>soldats</strong></span> <span class='ocrx_word' id='word_1_190' title='bbox 877 3476 993 3547; x_wconf 84' lang='lat' dir='ltr'><strong>charge&#39;s</strong></span> <span class='ocrx_word' id='word_1_191' title='bbox 1010 3474 1044 3530; x_wconf 88' lang='lat' dir='ltr'><strong>de</strong></span> <span class='ocrx_word' id='word_1_192' title='bbox 1063 3475 1088 3530; x_wconf 87' lang='lat' dir='ltr'><strong>le</strong></span> <span class='ocrx_word' id='word_1_193' title='bbox 1099 3474 1237 3531; x_wconf 88' lang='lat' dir='ltr'><strong>conduire</strong></span> <span class='ocrx_word' id='word_1_194' title='bbox 1249 3481 1265 3532; x_wconf 69' lang='lat' dir='ltr'><strong>i</strong></span> <span class='ocrx_word' id='word_1_195' title='bbox 1279 3471 1282 3477; x_wconf 62' lang='grc'><em>’</em></span> 
     </span>
     <span class='ocr_line' id='line_1_27' title="bbox 195 3565 1265 3638; baseline 0.001 -16"><span class='ocrx_word' id='word_1_196' title='bbox 195 3567 343 3634; x_wconf 81' lang='lat' dir='ltr'><strong>Ravenne,</strong></span> <span class='ocrx_word' id='word_1_197' title='bbox 357 3576 385 3620; x_wconf 87' lang='lat' dir='ltr'><strong>et</strong></span> <span class='ocrx_word' id='word_1_198' title='bbox 396 3584 424 3620; x_wconf 84' lang='lat' dir='ltr'><strong>sa</strong></span> <span class='ocrx_word' id='word_1_199' title='bbox 437 3565 494 3620; x_wconf 68' lang='lat' dir='ltr'><strong>tete</strong></span> <span class='ocrx_word' id='word_1_200' title='bbox 507 3567 649 3638; x_wconf 63' lang='lat' dir='ltr'><strong>presentie</strong></span> <span class='ocrx_word' id='word_1_201' title='bbox 667 3569 683 3619; x_wconf 75' lang='lat' dir='ltr'><strong>t</strong></span> <span class='ocrx_word' id='word_1_202' title='bbox 700 3567 783 3620; x_wconf 77' lang='lat' dir='ltr'><strong>Isaac.</strong></span> <span class='ocrx_word' id='word_1_203' title='bbox 803 3566 925 3620; x_wconf 89' lang='lat' dir='ltr'><strong>Celui-ci</strong></span> <span class='ocrx_word' id='word_1_204' title='bbox 944 3575 1058 3620; x_wconf 89' lang='lat' dir='ltr'><strong>mourut</strong></span> <span class='ocrx_word' id='word_1_205' title='bbox 1075 3584 1125 3638; x_wconf 81' lang='lat' dir='ltr'><strong>par</strong></span> <span class='ocrx_word' id='word_1_206' title='bbox 1138 3567 1265 3623; x_wconf 83' lang='lat' dir='ltr'><strong>accident</strong></span> 
     </span>
     <span class='ocr_line' id='line_1_28' title="bbox 196 3654 1264 3731; baseline -0.001 -16"><span class='ocrx_word' id='word_1_207' title='bbox 196 3678 231 3716; x_wconf 88' lang='lat' dir='ltr'><strong>en</strong></span> <span class='ocrx_word' id='word_1_208' title='bbox 250 3657 318 3728; x_wconf 78' lang='grc' dir='ltr'><strong>648,Ι</strong></span> <span class='ocrx_word' id='word_1_209' title='bbox 334 3667 363 3711; x_wconf 90' lang='lat' dir='ltr'><strong>et</strong></span> <span class='ocrx_word' id='word_1_210' title='bbox 381 3657 545 3711; x_wconf 72' lang='lat' dir='ltr'><strong>intentent</strong></span> <span class='ocrx_word' id='word_1_211' title='bbox 558 3654 625 3710; x_wconf 82' lang='lat' dir='ltr'><strong>dans</strong></span> <span class='ocrx_word' id='word_1_212' title='bbox 640 3655 742 3727; x_wconf 82' lang='lat' dir='ltr'><strong>l&#39;e&#39;gtise</strong></span> <span class='ocrx_word' id='word_1_213' title='bbox 761 3655 796 3710; x_wconf 92' lang='lat' dir='ltr'><strong>de</strong></span> <span class='ocrx_word' id='word_1_214' title='bbox 816 3656 1000 3723; x_wconf 64' lang='lat' dir='ltr'><strong>&amp;int-vital,</strong></span> <span class='ocrx_word' id='word_1_215' title='bbox 1016 3657 1054 3710; x_wconf 81' lang='lat' dir='ltr'><strong>od</strong></span> <span class='ocrx_word' id='word_1_216' title='bbox 1071 3673 1121 3711; x_wconf 90' lang='lat' dir='ltr'><strong>son</strong></span> <span class='ocrx_word' id='word_1_217' title='bbox 1133 3657 1264 3731; x_wconf 74' lang='lat' dir='ltr'><strong>epitapbe</strong></span> 
     </span>
     <span class='ocr_line' id='line_1_29' title="bbox 196 3743 1265 3819; baseline -0.001 -16"><span class='ocrx_word' id='word_1_218' title='bbox 196 3748 314 3803; x_wconf 72' lang='lat' dir='ltr'><strong>subsiste</strong></span> <span class='ocrx_word' id='word_1_219' title='bbox 322 3744 445 3819; x_wconf 84' lang='lat' dir='ltr'><strong>pendant</strong></span> <span class='ocrx_word' id='word_1_220' title='bbox 456 3745 592 3817; x_wconf 88' lang='lat' dir='ltr'><strong>plusieurs</strong></span> <span class='ocrx_word' id='word_1_221' title='bbox 602 3744 705 3799; x_wconf 75' lang='lat' dir='ltr'><strong>sitctes.</strong></span> <span class='ocrx_word' id='word_1_222' title='bbox 713 3745 794 3799; x_wconf 75' lang='lat' dir='ltr'><strong>—La</strong></span> <span class='ocrx_word' id='word_1_223' title='bbox 803 3743 959 3817; x_wconf 79' lang='lat' dir='ltr'><strong>deposition</strong></span> <span class='ocrx_word' id='word_1_224' title='bbox 974 3744 1012 3799; x_wconf 91' lang='lat' dir='ltr'><strong>du</strong></span> <span class='ocrx_word' id='word_1_225' title='bbox 1026 3745 1182 3818; x_wconf 80' lang='lat' dir='ltr'><strong>patriarche</strong></span> <span class='ocrx_word' id='word_1_226' title='bbox 1195 3747 1265 3802; x_wconf 83' lang='lat' dir='ltr'><strong>Paul</strong></span> 
     </span>
     <span class='ocr_line' id='line_1_30' title="bbox 196 3834 1264 3908; baseline 0.003 -17"><span class='ocrx_word' id='word_1_227' title='bbox 196 3848 226 3892; x_wconf 88' lang='lat' dir='ltr'><strong>et</strong></span> <span class='ocrx_word' id='word_1_228' title='bbox 238 3836 402 3890; x_wconf 71' lang='lat' dir='ltr'><strong>l&#39;anatheme</strong></span> <span class='ocrx_word' id='word_1_229' title='bbox 421 3845 517 3889; x_wconf 89' lang='lat' dir='ltr'><strong>contre</strong></span> <span class='ocrx_word' id='word_1_230' title='bbox 530 3835 654 3906; x_wconf 85' lang='lat' dir='ltr'><strong>Pyrrhus</strong></span> <span class='ocrx_word' id='word_1_231' title='bbox 672 3835 765 3889; x_wconf 77' lang='lat' dir='ltr'><strong>iurent</strong></span> <span class='ocrx_word' id='word_1_232' title='bbox 781 3839 936 3908; x_wconf 76' lang='lat' dir='ltr'><strong>prononces</strong></span> <span class='ocrx_word' id='word_1_233' title='bbox 947 3855 982 3891; x_wconf 88' lang='lat' dir='ltr'><strong>en</strong></span> <span class='ocrx_word' id='word_1_234' title='bbox 995 3834 1048 3902; x_wconf 90' lang='grc'><strong>648</strong></span> <span class='ocrx_word' id='word_1_235' title='bbox 1062 3835 1130 3892; x_wconf 83' lang='lat' dir='ltr'><strong>dans</strong></span> <span class='ocrx_word' id='word_1_236' title='bbox 1146 3855 1185 3891; x_wconf 90' lang='lat' dir='ltr'><strong>un</strong></span> <span class='ocrx_word' id='word_1_237' title='bbox 1197 3857 1264 3894; x_wconf 90' lang='lat' dir='ltr'><strong>con·</strong></span> 
     </span>
     <span class='ocr_line' id='line_1_31' title="bbox 197 3923 1069 3997; baseline 0.001 -17"><span class='ocrx_word' id='word_1_238' title='bbox 197 3925 250 3980; x_wconf 74' lang='lat' dir='ltr'><strong>uile</strong></span> <span class='ocrx_word' id='word_1_239' title='bbox 262 3940 317 3997; x_wconf 90' lang='lat' dir='ltr'><strong>que</strong></span> <span class='ocrx_word' id='word_1_240' title='bbox 330 3924 355 3979; x_wconf 87' lang='lat' dir='ltr'><strong>le</strong></span> <span class='ocrx_word' id='word_1_241' title='bbox 367 3943 437 3997; x_wconf 78' lang='lat' dir='ltr'><strong>pape</strong></span> <span class='ocrx_word' id='word_1_242' title='bbox 449 3924 606 3991; x_wconf 85' lang='lat' dir='ltr'><strong>sousorivit,</strong></span> <span class='ocrx_word' id='word_1_243' title='bbox 622 3923 730 3992; x_wconf 90' lang='lat' dir='ltr'><strong>dit-on,</strong></span> <span class='ocrx_word' id='word_1_244' title='bbox 745 3943 809 3979; x_wconf 83' lang='lat' dir='ltr'><strong>avec</strong></span> <span class='ocrx_word' id='word_1_245' title='bbox 821 3924 860 3979; x_wconf 90' lang='lat' dir='ltr'><strong>du</strong></span> <span class='ocrx_word' id='word_1_246' title='bbox 872 3926 918 3979; x_wconf 82' lang='lat' dir='ltr'><strong>rin</strong></span> <span class='ocrx_word' id='word_1_247' title='bbox 932 3928 1069 3981; x_wconf 69' lang='lat' dir='ltr'><strong>consuere.</strong></span> 
     </span>
    </p>

    <p class='ocr_par' dir='ltr' id='par_1_6' title="bbox 197 4012 1266 4270">
     <span class='ocr_line' id='line_1_32' title="bbox 233 4012 1265 4091; baseline 0.006 -23"><span class='ocrx_word' id='word_1_248' title='bbox 233 4016 273 4083; x_wconf 83' lang='lat'><strong>(2)</strong></span> <span class='ocrx_word' id='word_1_249' title='bbox 293 4013 320 4079; x_wconf 87' lang='lat'><strong>(5</strong></span> <span class='ocrx_word' id='word_1_250' title='bbox 331 4013 423 4084; x_wconf 81' lang='lat' dir='ltr'><strong>juillet</strong></span> <span class='ocrx_word' id='word_1_251' title='bbox 433 4013 536 4088; x_wconf 80' lang='grc' dir='ltr'>649-ιό</span> <span class='ocrx_word' id='word_1_252' title='bbox 546 4014 702 4087; x_wconf 90' lang='lat' dir='ltr'><strong>septembre</strong></span> <span class='ocrx_word' id='word_1_253' title='bbox 713 4012 789 4084; x_wconf 78' lang='lat'>655.)</span> <span class='ocrx_word' id='word_1_254' title='bbox 803 4015 957 4087; x_wconf 73' lang='lat' dir='ltr'><strong>L’epithete</strong></span> <span class='ocrx_word' id='word_1_255' title='bbox 974 4015 1146 4071; x_wconf 72' lang='lat' dir='ltr'><strong>Tudertinus</strong></span> <span class='ocrx_word' id='word_1_256' title='bbox 1157 4018 1265 4091; x_wconf 86' lang='lat' dir='ltr'><strong>signifie</strong></span> 
     </span>
     <span class='ocr_line' id='line_1_33' title="bbox 197 4104 1266 4178; baseline 0.005 -20"><span class='ocrx_word' id='word_1_257' title='bbox 197 4123 253 4178; x_wconf 85' lang='lat' dir='ltr'><strong>que</strong></span> <span class='ocrx_word' id='word_1_258' title='bbox 278 4122 309 4158; x_wconf 90' lang='lat' dir='ltr'><strong>ce</strong></span> <span class='ocrx_word' id='word_1_259' title='bbox 335 4123 404 4177; x_wconf 84' lang='lat' dir='ltr'><strong>pape</strong></span> <span class='ocrx_word' id='word_1_260' title='bbox 422 4105 489 4160; x_wconf 75' lang='lat' dir='ltr'><strong>etait</strong></span> <span class='ocrx_word' id='word_1_261' title='bbox 506 4105 657 4178; x_wconf 75' lang='lat' dir='ltr'><strong>originnire</strong></span> <span class='ocrx_word' id='word_1_262' title='bbox 676 4104 711 4158; x_wconf 90' lang='lat' dir='ltr'><strong>de</strong></span> <span class='ocrx_word' id='word_1_263' title='bbox 732 4104 900 4174; x_wconf 81' lang='lat' dir='ltr'><strong>Tudertum,</strong></span> <span class='ocrx_word' id='word_1_264' title='bbox 925 4105 1102 4178; x_wconf 83' lang='lat' dir='ltr'><strong>aujourd’hui</strong></span> <span class='ocrx_word' id='word_1_265' title='bbox 1121 4107 1209 4162; x_wconf 70' lang='lat' dir='ltr'><strong>uoti.</strong></span> <span class='ocrx_word' id='word_1_266' title='bbox 1228 4110 1266 4163; x_wconf 88' lang='lat' dir='ltr'><strong>Le</strong></span> 
     </span>
     <span class='ocr_line' id='line_1_34' title="bbox 199 4190 1265 4270; baseline 0.006 -24"><span class='ocrx_word' id='word_1_267' title='bbox 199 4190 305 4247; x_wconf 82' lang='lat' dir='ltr'><strong>concile</strong></span> <span class='ocrx_word' id='word_1_268' title='bbox 316 4191 384 4266; x_wconf 89' lang='lat' dir='ltr'><strong>qu’il</strong></span> <span class='ocrx_word' id='word_1_269' title='bbox 396 4192 527 4250; x_wconf 81' lang='lat' dir='ltr'><strong>assembla</strong></span> <span class='ocrx_word' id='word_1_270' title='bbox 539 4205 588 4250; x_wconf 85' lang='lat' dir='ltr'><strong>eut</strong></span> <span class='ocrx_word' id='word_1_271' title='bbox 598 4193 656 4250; x_wconf 89' lang='lat' dir='ltr'><strong>lieu</strong></span> <span class='ocrx_word' id='word_1_272' title='bbox 667 4212 702 4250; x_wconf 86' lang='lat' dir='ltr'><strong>au</strong></span> <span class='ocrx_word' id='word_1_273' title='bbox 712 4195 782 4251; x_wconf 87' lang='lat' dir='ltr'><strong>mois</strong></span> <span class='ocrx_word' id='word_1_274' title='bbox 794 4193 935 4253; x_wconf 85' lang='lat' dir='ltr'><strong>d&#39;octobre</strong></span> <span class='ocrx_word' id='word_1_275' title='bbox 944 4194 1008 4270; x_wconf 72' lang='grc'>649.</span> <span class='ocrx_word' id='word_1_276' title='bbox 1022 4195 1123 4256; x_wconf 74' lang='lat' dir='ltr'><strong>Eulere&#39;</strong></span> <span class='ocrx_word' id='word_1_277' title='bbox 1132 4196 1168 4253; x_wconf 84' lang='lat' dir='ltr'><strong>de</strong></span> <span class='ocrx_word' id='word_1_278' title='bbox 1176 4196 1265 4255; x_wconf 82' lang='lat' dir='ltr'><strong>Rome</strong></span> 
     </span>
    </p>

    <p class='ocr_par' dir='ltr' id='par_1_7' title="bbox 272 4288 1117 4358">
     <span class='ocr_line' id='line_1_35' title="bbox 272 4288 1117 4358; baseline 0.007 -7"><span class='ocrx_word' id='word_1_279' title='bbox 272 4307 299 4351; x_wconf 85' lang='lat'><strong>1.</strong></span> <span class='ocrx_word' id='word_1_280' title='bbox 1070 4288 1117 4358; x_wconf 85' lang='lat'><strong>28</strong></span> 
     </span>
    </p>
   </div>
   <div class='ocr_carea' id='block_1_5' title="bbox 0 0 1469 4958">
    <p class='ocr_par' dir='ltr' id='par_1_8' title="bbox 0 0 1469 4958">
     <span class='ocr_line' id='line_1_36' title="bbox 0 0 1469 4958; baseline 0 0"><span class='ocrx_word' id='word_1_281' title='bbox 0 0 1469 4958; x_wconf 95' lang='lat' dir='ltr'><strong> </strong></span> 
     </span>
    </p>
   </div>
  </div>
 </body>
</html>
