2894 4958
540 369 658 434 LlBllll
678 369 833 432 PRIMUS.
1197 372 1216 429 7

155 490 338 594 usquead
363 489 587 565 nativitatem
609 486 766 579 Christi,
796 488 990 563 secuudum
1015 487 1219 563 hebraicam

155 609 369 702 veritatem,
401 609 487 682 anni
522 635 607 682 unu
635 632 796 682 uccccnn
825 622 1089 698 numerantur3
1116 611 1219 707 juxta

156 728 464 828 computationem
475 752 562 802 vero
576 727 703 800 Isidori
716 726 931 826 Hispalensis
947 727 1122 826 episcopi,
1134 726 1221 802 alio-

155 871 310 948 rumque
334 844 574 946 quorumdam
600 844 808 934 doctorum,
836 870 977 918 uuuuu
1002 869 1022 916 c
1047 869 1107 918 niv
1136 871 1219 945 sup·

154 977 345 1061 putantur.
381 961 497 1035 Porro
533 959 732 1035 secundum
763 961 1071 1061 computationem
1104 962 1220 1035 Euse-

155 1079 208 1152 bii
237 1079 463 1153 Caesariensis
491 1095 527 1152 et
563 1078 746 1180 leronymi
757 1131 769 1167 ,
801 1076 848 1150 ab
882 1076 996 1150 Adam
1032 1104 1145 1179 usque
1176 1077 1221 1151 ad

157 1220 249 1270 xv111
265 1221 403 1268 annum
419 1193 556 1270 Tiberii
573 1194 743 1284 Caesaris,
760 1194 907 1295 quando
920 1193 1084 1268 Christus
1099 1220 1222 1295 passm

156 1328 230 1401 est,
248 1312 334 1384 anni
353 1338 495 1386 annun
513 1337 556 1386 cc
574 1335 664 1385 xxxi
682 1310 806 1411 liunt(
832 1313 861 1408 ).

205 1425 333 1500 Omnis
366 1425 591 1500 credentium
623 1425 819 1500 multitudo
848 1427 888 1501 in
918 1427 1057 1527 Spiritu
1089 1428 1224 1503 Sancto

156 1541 313 1634 exultet,
331 1557 582 1644 aeternumque
597 1542 807 1618 Creatorem
824 1543 1067 1620 indesinenter
1077 1544 1222 1635 adoret3

157 1661 263 1761 eique
294 1675 371 1734 tota
397 1660 533 1734 virtute
562 1660 777 1735 sacrificium
802 1660 915 1735 laudis
941 1662 1131 1751 immolet,
1159 1664 1222 1764 qui

157 1777 307 1850 unicum
322 1776 457 1850 Filium
468 1804 596 1865 suum,
610 1776 680 1851 sibi
691 1779 894 1879 Sanctoque
911 1778 1062 1878 Spiritui
1076 1793 1227 1853 coaeter·

157 1920 247 1967 num
267 1911 305 1967 ct
324 1893 665 1971 consubtantialem
676 1950 687 1985 ,
712 1897 892 1969 incarnari
914 1896 1123 1987 constituit,
1142 1911 1181 1971 et
1204 1922 1225 1968 a

157 2029 259 2086 reatu
285 2013 414 2086 mortis
442 2040 584 2088 servum
612 2012 772 2088 indebita
798 2028 918 2088 morte
943 2014 1026 2086 Filii
1051 2010 1224 2086 absolvit!

158 2127 322 2203 Clemens
341 2129 441 2202 enim
462 2128 655 2218 Conditor,
679 2129 742 2231 qui
765 2129 900 2229 plasma
922 2155 1047 2219 suum,
1067 2129 1168 2229 quod
1182 2126 1227 2202 ad

159 2245 351 2347 imaginem
377 2262 416 2321 et
440 2247 714 2322 similitudinem
734 2247 788 2319 sui
812 2247 964 2336 fecerat,
991 2247 1129 2346 lapsum
1153 2271 1228 2321 esse

158 2363 371 2454 condoluit3
393 2364 709 2468 inaestimabilique
730 2363 883 2438 consilio
904 2360 1123 2438 inexhaustae
1135 2391 1228 2464 pro-

157 2480 347 2556 funditatis
370 2508 445 2556 suae
467 2481 627 2557 decrevit
650 2497 692 2555 ut
713 2481 904 2583 coaetpmlis
928 2480 996 2553 sibi
1017 2480 1228 2555 damnatum

159 2598 199 2670 in
216 2598 396 2698 ergastulo
411 2598 523 2671 Filius
540 2625 684 2672 servum
706 2599 886 2687 visitaret,
910 2595 1166 2698 hominemque
1184 2597 1228 2672 de

159 2714 364 2813 captivitate
378 2715 537 2814 propriis
551 2714 595 2786 ad
606 2741 751 2817 gregem
765 2714 924 2788 humeris
936 2713 994 2812 pic
1005 2728 1225 2814 reportaret,

159 2857 363 2932 novemque
388 2832 533 2908 ordines
552 2833 764 2934 angelorum
788 2833 842 2905 sui
870 2832 1129 2906 restauratione
1154 2856 1229 2905 nu-

160 2948 252 3021 meri
268 2946 427 3047 perfecte
442 2948 660 3024 laetificarent

210 3065 256 3136 11.
275 3064 387 3137 Filius
407 3066 528 3165 itaque
544 3066 609 3140 Dei
627 3065 738 3140 homo
753 3066 869 3140 lactus
890 3066 927 3140 id
943 3066 1043 3168 quod
1059 3066 1131 3139 fuit
1148 3092 1231 3166 per-

160 3182 312 3271 mansit,
331 3196 369 3256 et
385 3182 485 3283 quod
501 3209 576 3257 non
590 3200 667 3257 erat
680 3186 869 3285 assumpsit
877 3213 888 3272 ς
904 3211 980 3259 non
995 3185 1230 3259 commixtio-

161 3323 246 3370 nem
261 3322 401 3396 passus,
424 3324 543 3400 neque
558 3299 792 3390 divisionem,
807 3327 891 3374 cum
905 3302 1010 3375 Patre
1027 3301 1232 3401 Sanctoque

161 3414 301 3514 Spiritu
324 3441 451 3517 regens
471 3418 593 3490 omnia
616 3444 683 3517 per
702 3418 948 3507 divinitatem,
976 3417 1119 3490 infirma
1145 3444 1233 3493 vero

161 3539 297 3604 nostrae
320 3533 437 3605 carnis
459 3535 616 3608 tolerans
637 3561 702 3633 per
718 3550 936 3633 assumptam
956 3534 1228 3611 humanitatem.

195 3875 236 3947 (ι)
254 3874 329 3931 C'eat
339 3874 366 3931 le
378 3876 466 3932 caloul
483 3875 519 3932 dc
531 3876 621 3945 Beue,
642 3894 697 3950 que
715 3886 797 3933 notre
813 3885 913 3932 auteur
929 3874 1037 3950 appelle
1053 3877 1089 3932 ici
1106 3875 1133 3931 la
1145 3877 1232 3937 verite

163 3964 325 4041 hebranue.
350 3967 389 4022 Le
411 3967 509 4024 chiffre
534 3967 669 4024 d'lsidore
699 3967 734 4024 de
758 3967 857 4024 Scrille
885 3967 955 4024 n'est
979 3985 1026 4041 pas
1049 3964 1137 4036 5154,
1162 3970 1233 4024 mma

163 4051 234 4121 5344
247 4071 310 4123 ans;
333 4054 405 4112 celui
423 4056 558 4113 d’Eushbe
577 4057 612 4114 de
624 4056 757 4127 Ctearhe,
779 4056 866 4127 5200;
887 4057 958 4114 celui
976 4057 1011 4113 de
1030 4057 1103 4113 saint
1121 4058 1232 4115 terame

164 4145 231 4202 dans
240 4163 283 4202 ses
295 4147 446 4218 Questions
458 4149 640 4224 hebraicum,
655 4147 734 4226 5941.
