2894 4958
185 491 245 551 358
462 484 645 546 HISTORIA
668 482 973 546 Ecctsssnstlct.

185 608 302 694 lacto,
322 605 494 679 convenit
513 602 708 678 multitudo
728 603 902 692 civitatis,
919 619 956 678 et
973 603 1158 703 ejicientes
1172 631 1245 679 eum

185 722 230 797 de
247 721 426 809 custodia,
450 722 627 794 miserunt
645 722 776 794 iterum
790 719 916 793 funem
933 721 971 793 in
992 720 1091 795 collo
1110 726 1206 822 ejus,
1218 737 1248 796 et

187 840 394 928 trahebant,
413 839 595 913 dicentes:
615 838 763 912 Yhuhr'te
779 837 950 911 bubalum
967 838 1021 911 ad
1036 840 1121 914 loon
1137 841 1248 914 Buco-

187 959 260 1033 lice.
283 959 450 1058 Cumque
475 957 695 1046 traheretur,
718 956 794 1030 Deo
816 957 946 1057 gratias
966 983 1093 1058 agens,
1116 958 1170 1030 ait
1185 986 1195 1027 ε
1209 960 1249 1031 lu

186 1103 317 1150 monus
347 1092 448 1165 tuas,
480 1075 656 1165 Domine,
686 1073 899 1149 commendo
923 1076 1093 1176 spiritum
1124 1101 1248 1149 areum

185 1193 271 1264 Haec
286 1189 427 1281 dicens,
446 1188 594 1262 tradidit
616 1190 798 1290 spiritum.
824 1190 995 1263 Immanis
1012 1205 1137 1264 autem
1154 1188 1251 1263 turha

186 1305 378 1406 gentilium
393 1307 431 1377 in
448 1303 544 1394 loco,
560 1307 623 1407 qui
639 1303 890 1379 vomhatur‘ab
901 1303 1035 1407 angelis
1046 1306 1123 1406 (1),
1140 1307 1251 1406 ignor

188 1421 391 1511 succendit,
403 1440 441 1498 et
453 1424 622 1524 reliquias
638 1439 776 1497 sanetas
787 1421 1000 1497 comburere
1008 1422 1143 1497 voluit.
1156 1424 1251 1496 'l'unc

186 1540 410 1639 providentia
442 1541 506 1617 Dei
534 1542 649 1614 valida
679 1557 867 1641 tempestas
890 1558 1014 1616 exorta
1042 1558 1119 1634 est,
1149 1540 1252 1616 vehe-

187 1685 360 1759 mensque
382 1659 541 1759 procella
567 1661 665 1732 venti
692 1659 784 1732 facta
811 1677 886 1750 est,
912 1685 1068 1760 suosque
1092 1661 1150 1734 sol
1172 1659 1252 1734 suh-

188 1775 296 1848 traxit
321 1773 460 1864 radios,
490 1791 527 1848 et
554 1776 717 1849 tonitrua
740 1773 834 1848 facta
861 1792 948 1848 sunt
975 1776 1112 1876 gravia
1141 1775 1252 1851 Imber

187 1894 296 1966 etiam
322 1891 500 1990 plurimus
522 1920 541 1963 a
564 1918 803 1993 manensque
825 1894 870 1965 ad
891 1918 1075 1993 vesperam
1098 1894 1248 1980 effluxit,

188 2011 237 2104 ita
262 2024 304 2080 ut
328 2007 529 2081 habitacula
556 2008 759 2081 multorum
786 2023 1017 2098 corruerent,
1046 2024 1083 2082 et
1110 2008 1249 2108 plurimi

189 2141 307 2202 morte
318 2126 493 2225 perirent.
509 2125 711 2200 Metuentes
725 2152 814 2200 vero
826 2124 989 2200 custodes
1001 2141 1169 2198 sanctum
1184 2151 1250 2198 cor·

188 2271 255 2342 pus
276 2240 492 2315 dimiserunt
513 2257 550 2315 et
569 2241 755 2341 fugerunt.
777 2240 847 2314 Atii
871 2241 1074 2316 deridentes
1092 2240 1249 2315 dicebant

189 2357 289 2459 quod
307 2358 447 2456 Serapis
465 2353 542 2431 haec
558 2371 697 2459 ageret,
717 2360 820 2432 etsie
838 2359 877 2432 in
896 2385 958 2433 sua
974 2358 1171 2432 festivitate
1193 2355 1249 2429 ini·

189 2478 324 2549 micum
342 2501 444 2548 suum
463 2475 645 2551 inviseret.

240 2596 347 2665 Tunc
370 2591 525 2691 religiosi
552 2594 622 2665 viri
650 2594 832 2668 venientes
853 2596 989 2693 justum
1012 2619 1148 2694 corpus
1170 2592 1249 2665 tule-

192 2728 300 2800 runt,
321 2725 357 2784 et
377 2711 414 2783 in
433 2710 515 2784 loco
529 2710 656 2810 lapidis
674 2713 780 2785 excisi
798 2738 882 2785 cum
894 2711 1008 2812 gloria
1028 2719 1100 2784 νιιο
1118 2708 1247 2784 kalend.

192 2830 300 2902 maias
316 2829 547 2927 sepelierunt.
563 2830 623 2902 Sic
638 2827 762 2904 beatus
779 2830 927 2903 Marcus
944 2828 1174 2929 Evangelista
1185 2827 1250 2927 pri-

192 2973 271 3017 mus
298 2943 526 3017 Alexandriae
553 2945 685 3044 praesul
712 2972 781 3044 pro
805 2944 950 3017 Christo
975 2970 1097 3042 passus
1123 2960 1195 3030 est,
1220 2955 1250 3014 et

192 3085 322 3160 corpus
347 3064 421 3160 ejus
439 3059 606 3136 orientali
624 3077 726 3160 parte
742 3062 943 3161 repositum
959 3076 1024 3133 est.
1051 3059 1161 3151 Quod
1180 3071 1251 3158 post

190 3179 393 3252 multorum
420 3180 597 3254 curricula
627 3206 825 3267 annorum,
858 3195 1008 3279 propter
1037 3179 1252 3250 incursiones

191 3299 436 3398 Paganorum,
455 3298 517 3398 qui
542 3313 662 3371 totum
679 3298 865 3373 Orientem
881 3313 923 3369 ut
940 3298 1089 3370 locustae
1107 3320 1254 3396 operue-

190 3430 299 3502 runt,
315 3412 456 3512 sibique
471 3416 664 3483 maximam
682 3427 821 3510 partem
837 3413 964 3487 mundi
984 3412 1029 3486 ad
1045 3430 1208 3487 austrum
1223 3421 1255 3482 ct

191 3532 235 3606 ad
265 3531 474 3631 aquilonem
488 3528 744 3630 subegerunt,
775 3529 896 3604 fideles
925 3530 1118 3603 Christiani
1149 3525 1254 3628 Aqui-

191 3650 296 3726 leiam
308 3701 319 3736 ,
343 3644 406 3718 ubi
430 3647 567 3744 primus
588 3645 773 3718 Christum
793 3643 1042 3731 annuntiavit,
1068 3643 1255 3717 transtule-

192 3781 293 3840 runt.
306 3762 543 3863 Aquileiensis
555 3762 666 3863 igitur
678 3760 810 3860 praesul
823 3777 973 3834 stemma
984 3759 1253 3861 patriarchatus,

192 3906 266 3984 quo
295 3879 556 3954 Alexandrinus
583 3876 748 3978 pontifex
776 3876 866 3949 olim
890 3879 1028 3978 potitus
1055 3896 1136 3966 est,
1164 3900 1252 3950 nunc

192 3999 346 4084 retinet3
378 4012 416 4070 et
439 4013 591 4095 quartus
616 3996 749 4094 primas
775 3992 824 4066 ob
854 3998 1092 4070 reverentiam
1120 4000 1193 4095 ejus
1220 3994 1250 4064 in

193 4112 283 4191 orbe
306 4112 440 4186 renitet
466 4143 474 4183 :
501 4112 613 4184 sancti
641 4109 805 4181 videlicet
832 4111 970 4200 Marci,
1000 4139 1111 4213 quem
1137 4115 1249 4185 Petrus

318 4384 359 4425 tet
375 4388 383 4423 ι
396 4356 449 4423 Ad
458 4362 586 4437 angelon
