2894 4958
538 418 654 480 LIBER
673 419 884 480 SECUNDUS.
1186 422 1248 485 453

182 545 257 642 ejus
278 543 317 615 in
334 538 488 615 ecelesiis
503 552 712 612 sanctorum
725 554 762 612 et
777 539 999 613 ornamentis
1012 538 1068 612 vel
1086 540 1163 612 aliis
1180 567 1249 616 ne-

184 659 341 735 cessariis
353 655 461 733 rebus
476 656 677 757 plusquam
691 656 750 730 ille
765 671 933 756 operatus
946 670 1012 730 cst.
1027 656 1094 729 Hic
1109 659 1249 756 episco-

182 800 250 876 pos
280 797 389 848 cxxv1
416 771 610 847 ordinavit.
642 770 809 871 Sepultus
835 796 922 845 vero
955 785 1010 845 est
1039 771 1076 844 in
1104 771 1249 847 basilica

183 892 297 966 sancti
314 890 411 965 Petri
429 888 583 990 apostoli
606 904 648 963 11⁰
666 887 743 963 idus
756 889 873 988 junii,
891 903 928 963 et
946 890 1094 963 cessavit
1109 891 1249 991 episco-

184 1022 289 1109 patus
305 1031 428 1081 mense
444 1006 547 1104 nno(
572 1006 599 1103 ).

234 1122 436 1224 Stephanus
451 1124 655 1213 Romanus,
673 1149 717 1198 ex
732 1138 834 1223 patre
854 1122 1018 1213 Marino,
1037 1123 1129 1198 sedit
1145 1149 1251 1199 men·-

185 1239 283 1314 sibus
304 1266 371 1315 vn.
390 1239 459 1313 Hic
482 1263 551 1338 pro
568 1236 812 1313 confirmanda
833 1264 920 1339 pace
935 1244 1067 1313 sanc'tae
1084 1239 1252 1314 Ecclesioe

185 1354 341 1433 Galliam
363 1355 409 1430 ad
431 1354 654 1429 Ludovicum
678 1355 932 1454 imperatorem
953 1355 1078 1455 petiit,
1097 1381 1253 1457 qumque

185 1472 303 1547 voluit
318 1469 365 1546 ab
378 1497 422 1547 eo
433 1471 659 1571 impetravit,
674 1487 711 1545 et
723 1471 842 1546 exules
853 1474 922 1571 pro
938 1473 1092 1547 reatuin
1107 1472 1253 1547 beatum

186 1589 345 1663 leonem
357 1614 486 1689 papam
498 1586 689 1663 commisso
707 1585 790 1661 inde
811 1587 1006 1662 clementer
1026 1587 1163 1663 eduxit.
1186 1590 1253 1663 Hic

185 1704 372 1806 episcopos
389 1731 413 1779 v
429 1704 669 1794 consecravit,
688 1718 725 1779 et
737 1703 782 1778 ad
796 1702 942 1779 beatum
951 1706 1099 1779 Petrum
1111 1722 1255 1806 aposto·

187 1822 266 1896 lum
275 1821 511 1922 sepultusest‚
520 1836 557 1897 et
566 1819 1076 1921 cessavitepiscopatusdiebus
1086 1825 1201 1921 xxvi(
1225 1825 1252 1920 ).

235 1937 410 2011 Paschalis
425 1937 623 2022 Romanus,
638 1962 683 2011 ex
694 1950 797 2037 patre
809 1937 968 2025 Bonoso,
982 1935 1074 2011 sedit
1084 1939 1188 2011 annis
1201 1964 1255 2013 vn

187 2053 371 2130 mensibus
385 2080 422 2129 ιν
437 2053 563 2128 diebus
575 2077 681 2153 xvnr.
696 2054 768 2127 vHic
784 2053 1087 2154 praedecessorum
1103 2080 1255 2129 suorum

187 2171 428 2246 sanctissimus
449 2171 639 2246 oemulator
654 2170 796 2260 extitit,
813 2185 850 2246 et
865 2170 979 2243 multa
996 2170 1164 2246 Ecclesiae
1180 2197 1254 2272 po-

188 2287 348 2389 puloque
367 2285 517 2389 pulchra
535 2303 573 2362 et
593 2286 696 2361 utilia
716 2286 816 2361 fecit.
837 2287 1043 2388 Episcopos*
1063 2314 1102 2361 xi
1124 2314 1256 2365 conse-

190 2404 316 2479 cravit.
335 2407 379 2478 ln
392 2404 538 2480 ecclesia
556 2429 643 2479 vero
655 2402 750 2478 beati
762 2403 859 2479 Petri
871 2403 1031 2503 sepultus
1043 2420 1115 2496 est,
1134 2421 1171 2480 et
1183 2431 1257 2480 ces·

190 2522 282 2596 savit
297 2522 519 2624 episcopatus
535 2521 661 2596 diebus
674 2522 739 2621 iv(
764 2522 795 2621 ).

239 2640 419 2742 Eugenius
436 2642 640 2729 Romanus,
658 2638 847 2714 virbonus
863 2655 902 2715 et
916 2642 1059 2713 sanctns
1068 2693 1080 2731 ,
1095 2639 1186 2714 sedit
1196 2666 1258 2713 an·

191 2756 248 2830 nis
263 2781 313 2830 ιν.
326 2757 432 2830 Tunc
441 2781 568 2856 magna
578 2754 722 2830 ubertas
732 2771 770 2830 et
779 2783 849 2855 pax
863 2756 902 2828 in
911 2754 1001 2830 orbe
1010 2756 1173 2855 regnavit
1184 2757 1256 2856 (4).

227 3105 267 3176 (ι)
284 3104 323 3160 Le
335 3102 530 3160 tremblement
546 3102 669 3159 deterre
683 3102 733 3178 qui
745 3121 872 3159 renversa
887 3103 915 3160 le
930 3104 986 3159 toit
1002 3102 1038 3159 de
1051 3102 1155 3178 l'eglise
1167 3104 1261 3162 Saint-

192 3192 261 3249 Paul
277 3203 327 3249 ent
340 3193 399 3249 lieu
410 3211 446 3248 en
458 3193 520 3250 801.
539 3193 579 3250 Ce
593 3212 629 3248 ne
647 3192 692 3248 fut
708 3193 789 3266 point
805 3211 837 3250 ce
850 3212 937 3268 pape,
954 3195 1023 3249 mais
1040 3195 1111 3250 saint
1124 3195 1259 3267 Mamert,

193 3283 365 3358 archeveqne
375 3281 411 3338 de
424 3282 548 3350 vienne,
564 3283 614 3357 qni
629 3283 745 3338 institua
758 3283 797 3339 les
810 3283 963 3357 Rogations
978 3301 1039 3338 vers
1056 3287 1116 3360 470.
1135 3284 1262 3358 Ilpamit

193 3371 347 3428 seulement
357 3389 412 3446 que
426 3372 502 3427 leon
516 3372 560 3426 111
570 3371 611 3426 les
625 3370 787 3428 intmduisit
798 3375 815 3428 a
828 3371 935 3442 Rome,
948 3390 985 3427 ou
998 3382 1062 3428 tout
1072 3391 1108 3428 au
1121 3373 1211 3428 moins
1224 3391 1261 3430 en

111 3456 113 3460 ’
193 3460 270 3535 regia
280 3460 307 3517 le
318 3459 484 3515 ceremonial
497 3478 569 3533 pour
581 3459 653 3515 cette
665 3459 738 3515 ville.

227 3551 268 3622 (a)
285 3551 328 3621 (ιι
344 3568 381 3605 ou
397 3567 478 3604 raon
486 3549 551 3624 juin
560 3549 662 3617 816-24
667 3550 775 3622 janvier
788 3549 861 3626 817.)
874 3549 1051 3624 L’empmcnr
1063 3561 1142 3624 recnt
1152 3551 1178 3607 le
1190 3571 1261 3627 pape

193 3640 317 3698 tlteims
329 3659 364 3696 au
376 3641 447 3696 mois
457 3641 560 3699 d’aoitt.
574 3641 651 3697 Nous
661 3641 771 3696 n’avons
782 3659 830 3714 pas
839 3641 1047 3707 connaissance,
1060 3651 1089 3696 et
1101 3641 1120 3696 il
1131 3660 1200 3697 nous
1211 3663 1259 3717 pa-
1337 3643 1340 3648 ’

193 3729 249 3785 rait
261 3747 316 3802 peu
331 3728 537 3784 vraisemblable
556 3747 611 3802 que
628 3747 659 3783 ce
671 3728 783 3783 dernier
795 3729 835 3782 ait
848 3731 959 3784 ramene
972 3727 1006 3783 de
1020 3730 1124 3784 France
1136 3748 1171 3785 en
1183 3731 1262 3789 Italic
1339 3760 1352 3787 ι

194 3816 235 3873 les
246 3817 375 3872 assassins
388 3816 424 3871 de
436 3835 486 3872 son
497 3815 703 3890 predecesseur.

229 3906 269 3980 (3)
286 3907 331 3980 (25
341 3909 448 3981 janvier
462 3907 560 3983 817-11
576 3909 630 3962 mai
644 3906 717 3979 824.)
730 3907 770 3962 Ce
781 3924 851 3979 pape
863 3906 1054 3961 reconstruisit
1064 3906 1132 3961 trois
1143 3906 1258 3980 eglises:

195 3998 441 4068 sainte-Praxedc,
457 3997 658 4056 sainte-Cecile
670 4001 699 4053 in
718 3999 881 4054 Tractevere
888 4040 895 4066 ,
909 4007 939 4052 et
952 3996 1150 4054 &inte-Marte
1161 4002 1191 4054 in
1203 3998 1262 4055 Bc-

196 4107 310 4144 mamea.

231 4176 272 4247 (4)
289 4173 317 4246 (5
325 4177 390 4248 juin
403 4175 505 4251 Sat-27
517 4174 583 4234 aofit
596 4174 670 4250 827.)
