2894 4958
352 421 690 527 ORDERICI
724 421 1014 528 VITALIS

567 675 799 727 ANGLIGBNAE

151 884 773 1016 ECCLFSIASTICAE
819 883 1214 1013 HISTORIAE

455 1181 636 1268 cissa
669 1180 909 1270 Prinos,

204 1555 233 1625 1.
253 1551 484 1627 Ourima-sus
498 1549 662 1626 Verbum
678 1577 744 1651 per
758 1553 858 1652 quod
870 1552 965 1627 Deus
982 1552 1087 1626 Pater
1098 1551 1221 1625 omnia

155 1668 338 1757 condidit,
362 1669 444 1740 vitis
470 1695 577 1758 vera,
605 1695 835 1770 summusque
858 1669 1131 1768 paterfamilias,
1157 1664 1223 1769 qni

155 1789 297 1859 vineam
318 1785 513 1885 plantavit,
543 1800 625 1860 eta
653 1812 758 1859 mane
783 1812 896 1886 usque
924 1784 968 1858 ad
994 1784 1222 1860 undecimam

156 1901 283 1976 horam
301 1904 516 1976 intromissis
532 1904 704 2003 operariis
721 1904 874 1992 excolit,
892 1918 935 1974 ut
950 1900 1102 1977 uberem
1117 1901 1223 1974 fruc-

158 2037 236 2093 tum
261 2049 305 2095 ex
327 2021 449 2096 eadem
475 2022 642 2123 colligere
661 2022 791 2121 possit,
818 2021 979 2094 eamdem
1001 2021 1162 2109 vineam,
1187 2017 1224 2091 id

158 2154 210 2213 est
233 2155 390 2213 sanctam
409 2139 614 2230 ecclesiam,
640 2140 744 2213 nullo
763 2140 925 2237 tempore
946 2137 1084 2212 desistit
1106 2136 1225 2211 colere

157 2258 302 2357 ejsuque
323 2257 485 2357 palmites
507 2283 572 2357 per
589 2258 710 2330 omnia
733 2253 859 2329 mundi
884 2255 1024 2328 climata
1050 2251 1226 2328 nobiliter

157 2399 368 2474 propagare.
387 2376 465 2474 lpse
482 2375 678 2468 nimirum,
697 2373 760 2473 qui
778 2389 831 2446 est
853 2373 1018 2447 omnium
1038 2397 1144 2445 verus
1162 2395 1228 2444 rex

159 2491 381 2582 seculorum,
408 2507 446 2566 et
468 2518 574 2567 verns
599 2490 766 2592 pontifex
787 2489 999 2565 futurorum
1018 2488 1225 2578 bonorum,

161 2630 334 2707 verusque
348 2605 547 2706 propheta,
566 2607 829 2707 hominumque
845 2605 1014 2680 dominus
1031 2619 1067 2679 et
1082 2602 1227 2705 angelo-

159 2748 261 2813 rum,
286 2721 368 2796 oleo
391 2723 529 2796 laetitiae
551 2750 627 2822 prae
649 2720 885 2823 participibus
904 2721 976 2793 suis
1000 2717 1229 2794 ineffabiliter

159 2855 308 2930 unctus,
338 2841 669 2942 inaestimabilisque
695 2842 834 2915 consilii
861 2856 1021 2941 patemae
1045 2839 1229 2938 dispensa-

162 2956 271 3028 tionis
288 2955 434 3056 angelus
455 2957 678 3056 (seeundnm
700 2956 843 3031 oracula
866 2953 1143 3055 prophetarum,
1165 2952 1228 3052 qui

162 3071 301 3170 Spiritu
318 3072 449 3145 Sancto
466 3070 604 3162 edocti,
623 3099 688 3147 cen
702 3074 813 3148 stellae
827 3073 864 3145 in
880 3071 985 3171 hujus
999 3069 1106 3144 seculi
1122 3082 1231 3144 nocte

160 3185 365 3277 fulserunt,
397 3204 434 3262 et
458 3190 557 3263 velut
586 3191 669 3291 galli
701 3190 949 3265 somnolentos
978 3188 1233 3262 antelucanum

163 3304 325 3378 canendo
339 3305 552 3397 excitantes,
570 3307 745 3381 dominici
761 3307 934 3381 adventus
950 3302 1120 3405 mysteria
1136 3301 1234 3373 vati·
1266 3351 1269 3357 -

163 3421 273 3494 cinati
286 3422 408 3520 sunt),
423 3424 557 3522 regiam
568 3425 746 3524 virginem
758 3423 923 3511 Mariam,
937 3421 981 3495 de
993 3419 1127 3492 familia
1140 3419 1234 3519 regis

163 3536 277 3610 David
288 3553 420 3628 ortam,
434 3538 478 3612 de
489 3538 614 3612 multis
625 3538 786 3611 millibus
796 3564 907 3612 unam
917 3537 1037 3638 elegit,
1052 3535 1233 3610 omnium·

166 3680 237 3754 que
253 3653 431 3727 virtutum
456 3657 559 3755 copia
579 3656 735 3756 gloriose
759 3650 967 3756 insignitam
989 3653 1057 3733 sibi
1082 3666 1236 3726 matrem

104 3808 106 3812 ⁴
165 3770 297 3844 effecit.
321 3767 506 3845 Generosa
527 3774 631 3874 virgo
651 3774 830 3846 virtutum
856 3773 1019 3874 insigniis
1041 3771 1233 3863 adornata,

166 3883 297 3985 loseph
311 3890 411 3987 justo
421 3886 594 3962 divinitus
613 3889 844 3990 desponsata,
864 3916 883 3960 a
901 3887 1069 3961 Gabriele
1081 3882 1238 3958 archan-

166 3999 248 4100 gelo
262 4001 432 4091 salutata,
451 4004 495 4077 de
513 4005 653 4105 Spiritu
670 4007 803 4081 Sancto
824 4008 1076 4106 impraegnata,
1097 4002 1238 4076 deside-

169 4133 289 4191 ratum
307 4122 447 4194 cunctis
459 4121 626 4221 gentibus
637 4123 856 4198 Salvatorem
866 4178 877 4213 ,
896 4149 1003 4224 quem
1018 4122 1095 4194 sine
1107 4118 1238 4194 delicto
