2894 4958
579 393 695 458 nnus
717 395 874 457 suiuus.
967 407 973 413 ·
1057 380 1059 386 ’
1219 400 1255 459 51

195 513 362 614 exemplo
381 511 549 613 depellit,
574 511 750 614 gaudente
770 513 907 614 populo
928 513 972 588 de
996 515 1162 614 gloriosis
1185 519 1259 615 ejus

194 627 407 727 miraculis(
431 628 462 727 ).

249 745 416 846 Regnum
448 743 515 816 Dei
549 767 662 843 grano
697 744 830 844 sinapis
862 769 1072 844 comparans
1110 762 1147 820 et
1185 745 1261 822 fcr-

194 879 344 953 meuto,
372 860 418 935 de
442 875 591 962 angusta
617 885 764 963 quoque
787 862 872 936 vitae
898 863 953 936 via
978 889 1175 963 paucorum
1201 865 1261 939 lo-

193 1006 310 1083 quens
337 1011 348 1053 ι
377 981 519 1070 Erum,
549 979 692 1080 inquit,
720 980 909 1057 novissimi
924 985 1063 1083 pnini,
1090 999 1125 1056 ct
1145 985 1263 1085 prinei

193 1100 382 1174 novdss‘mi
392 1098 460 1195 (a).
481 1095 661 1173 Herodem
678 1096 855 1171 Dominus
871 1098 1017 1196 vulpem
1026 1152 1038 1188 ,
1059 1127 1135 1201 quo
1150 1126 1265 1200 prop-

194 1232 252 1291 ter
275 1215 377 1291 dolos
403 1231 441 1290 et
463 1213 607 1287 insidias
624 1212 783 1289 hoeretici
808 1215 1058 1316 designantur,
1086 1218 1257 1319 appellat3

193 1345 231 1405 et
263 1330 459 1404 Jerusalem
494 1328 558 1401 alis
594 1332 668 1429 ejus
697 1330 837 1430 protegi
874 1347 1102 1430 respuentem
1138 1334 1259 1408 incre—

189 1461 254 1547 pat
274 1446 345 1546 (5).
369 1444 620 1546 Hydmpicum
637 1442 785 1521 sabbato
807 1461 930 1535 curat,
954 1464 991 1522 et
1011 1450 1112 1522 velut
1131 1451 1176 1524 de
1194 1450 1260 1524 hu-

188 1565 305 1639 moris
321 1579 432 1664 puteo
445 1560 575 1635 liberat
587 1562 659 1660 (4).
676 1561 944 1638 Murmurantes
959 1563 1153 1664 pharisoeos
1168 1568 1258 1641 asini

191 1680 248 1755 vel
276 1679 378 1754 bovis
408 1679 446 1752 in
477 1694 628 1778 puteum
657 1678 815 1753 cadentis
844 1681 1069 1757 extractione
1104 1683 1259 1758 confun-

188 1796 258 1872 dit.
276 1796 524 1870 Humilitatem
541 1822 687 1900 quoque
708 1796 910 1870 sectandam
933 1796 1083 1890 docens,
1110 1802 1149 1872 in
1171 1827 1258 1876 con-

189 1912 466 2013 vivio'primum
486 1910 693 1986 accidiitum
713 1937 789 1986 non
810 1939 883 1987 esse
904 1914 1160 2015 quaerendum
1188 1945 1256 1992 nec

188 2028 343 2119 divites,
381 2029 441 2104 sed
473 2054 645 2129 pauperes
655 2081 671 2117 „
705 2030 770 2130 qui
802 2055 878 2102 non
915 2030 1145 2122 retribuant,
1182 2060 1255 2108 esse
1399 2127 1404 2138 Ι

187 2147 416 2248 pascendos(
441 2147 472 2245 ).

236 2267 337 2339 XIII.
358 2265 483 2339 Multis
499 2264 615 2338 modis
635 2263 812 2337 Dominus
828 2265 928 2338 Iesus
943 2263 1106 2339 Christus
1122 2292 1254 2341 consu-

187 2382 266 2459 lens
293 2382 459 2456 humanae
486 2382 613 2471 saluti,
641 2381 748 2480 ponit
770 2380 979 2481 parabolam
1002 2381 1047 2458 de
1072 2386 1251 2476 invitatis,

185 2502 306 2601 quise
331 2525 496 2574 excusare
513 2497 715 2586 studentes,
735 2522 841 2571 coena
863 2525 938 2572 non
961 2499 1111 2574 fuerunt
1134 2502 1249 2603 digni.
1385 2522 1388 2527 ·

184 2620 329 2694 Primus
349 2633 501 2720 propter
520 2616 643 2690 villam
662 2642 771 2717 quam
792 2633 946 2707 emerat,
970 2620 1094 2693 venire
1109 2619 1248 2709 noluit3

183 2762 261 2839 quo
287 2735 519 2836 designantur
544 2748 698 2808 tetrenae
722 2748 898 2808 amatores
921 2733 1152 2823 substantiae,
1180 2762 1250 2835 pro

184 2879 255 2955 qua
269 2849 537 2952 parvipendunt
552 2849 759 2924 coelestibus
771 2849 924 2925 inhiare.
941 2851 1044 2926 Alter
1055 2879 1123 2952 pro
1141 2855 1250 2953 quin-

184 2995 258 3072 que
276 2969 373 3071 jugis
398 2969 512 3044 houm
532 2967 720 3057 detentus,
743 2992 820 3041 non
843 2969 927 3058 ivit;
952 2993 1027 3069 quo
1044 2968 1248 3071 figurantur

184 3087 336 3175 curiosi,
362 3087 426 3187 qui
450 3084 635 3184 corporeis
658 3082 818 3158 sensibus
842 3085 951 3159 illecti
974 3084 1046 3160 sola
1070 3088 1245 3161 exteriora

185 3230 400 3305 cognoscere
415 3217 560 3291 curant,
575 3218 613 3275 ct
623 3200 712 3275 dum
723 3201 877 3276 aliorum
888 3203 1000 3276 vitam
1012 3203 1245 3304 investigant,

182 3320 238 3392 sui
255 3345 378 3392 curam
395 3317 614 3418 negligentes
636 3332 783 3391 aeternae
805 3316 926 3390 salutis
947 3318 1066 3418 epulas
1081 3333 1248 3418 appetere

183 3433 358 3510 refutant.
381 3435 526 3510 Tertius
538 3459 606 3533 pro
619 3459 732 3507 uxore
748 3433 924 3507 recusavit
935 3434 1059 3507 venire
1068 3463 1079 3522 ς
1096 3459 1170 3535 quo
1185 3434 1248 3510 de-

183 3565 435 3628 monstrantur
452 3549 489 3623 hi
509 3550 572 3653 qui
597 3550 713 3622 carnis
739 3549 955 3622 irretiuntur
971 3549 1168 3650 voluptate.
1188 3552 1248 3625 Sic

185 3665 272 3741 dum
297 3666 395 3741 hunc
420 3683 562 3742 terrena
586 3693 671 3739 cura
695 3680 869 3765 occupat,
891 3666 995 3739 illum
1017 3666 1122 3741 alieni
1149 3685 1247 3742 actus

218 3988 258 4059 (ι)
275 3986 343 4042 Luc.
362 4004 426 4054 xm,
452 4005 540 4062 ro·17.
561 4017 593 4029 -
610 3988 649 4057 (a)
664 3983 763 4040 matth.
782 4001 845 4054 nn,
865 3981 965 4051 3¹·3l;
982 3984 1068 4038 Mare.
1085 4002 1127 4055 tv,
1149 3983 1248 4052 30-32;

186 4073 250 4130 Luc.
268 4091 334 4144 nn,
357 4073 448 4132 18-30.
468 4106 503 4118 -
519 4072 558 4146 (ὅ)
574 4075 640 4130 Luc.
664 4092 729 4143 nn,
751 4069 843 4128 3135.
861 4104 894 4114 -
912 4074 952 4143 (4)
972 4073 1038 4131 Luc.
1058 4091 1115 4139 nv,
1141 4077 1192 4139 ¹·I·
1215 4105 1250 4115 -

187 4159 226 4233 (5)
237 4162 306 4219 luc.
319 4180 375 4232 nv,
388 4160 464 4229 tut.
916 4161 918 4164 ’
