<?xml version="1.0" encoding="UTF-8"?>
<!DOCTYPE html PUBLIC "-//W3C//DTD XHTML 1.0 Transitional//EN"
    "http://www.w3.org/TR/xhtml1/DTD/xhtml1-transitional.dtd">
<html xmlns="http://www.w3.org/1999/xhtml" xml:lang="en" lang="en">
 <head>
  <title>
</title>
<meta http-equiv="Content-Type" content="text/html;charset=utf-8" />
  <meta name='ocr-system' content='tesseract 3.04.00' />
  <meta name='ocr-capabilities' content='ocr_page ocr_carea ocr_par ocr_line ocrx_word'/>
</head>
<body>
  <div class='ocr_page' id='page_1' title='image "./ordericivitalis02deligoog/ordericivitalis02deligoog_0106.png"; bbox 0 0 2916 4958; ppageno 0'>
   <div class='ocr_carea' id='block_1_1' title="bbox 188 385 972 451">
    <p class='ocr_par' dir='ltr' id='par_1_1' title="bbox 188 385 972 451">
     <span class='ocr_line' id='line_1_1' title="bbox 188 385 972 451; baseline -0.008 0"><span class='ocrx_word' id='word_1_1' title='bbox 188 393 228 451; x_wconf 76' lang='lat' dir='ltr'><strong>ot</strong></span> <span class='ocrx_word' id='word_1_2' title='bbox 459 386 646 448; x_wconf 76' lang='lat' dir='ltr'>HISTORIA</span> <span class='ocrx_word' id='word_1_3' title='bbox 667 385 972 448; x_wconf 76' lang='lat' dir='ltr'><strong>nectusnsrlcs.</strong></span> 
     </span>
    </p>
   </div>
   <div class='ocr_carea' id='block_1_2' title="bbox 62 503 1294 3966">
    <p class='ocr_par' dir='ltr' id='par_1_2' title="bbox 187 503 1294 841">
     <span class='ocr_line' id='line_1_2' title="bbox 187 503 1294 607; baseline -0.005 -24"><span class='ocrx_word' id='word_1_4' title='bbox 187 511 382 607; x_wconf 87' lang='lat' dir='ltr'><strong>Postquam</strong></span> <span class='ocrx_word' id='word_1_5' title='bbox 394 506 606 580; x_wconf 79' lang='lat' dir='ltr'><strong>venerabilis</strong></span> <span class='ocrx_word' id='word_1_6' title='bbox 626 522 844 594; x_wconf 86' lang='lat' dir='ltr'><strong>conventus,</strong></span> <span class='ocrx_word' id='word_1_7' title='bbox 864 503 927 576; x_wconf 90' lang='lat' dir='ltr'><strong>ubi</strong></span> <span class='ocrx_word' id='word_1_8' title='bbox 945 504 1020 578; x_wconf 89' lang='lat' dir='ltr'><strong>fere</strong></span> <span class='ocrx_word' id='word_1_9' title='bbox 1033 518 1186 577; x_wconf 88' lang='lat' dir='ltr'><strong>centum</strong></span> <span class='ocrx_word' id='word_1_10' title='bbox 1200 506 1259 578; x_wconf 82' lang='lat' dir='ltr'><strong>vi·</strong></span> <span class='ocrx_word' id='word_1_11' title='bbox 1289 534 1294 548; x_wconf 88' lang='lat'><strong>·</strong></span> 
     </span>
     <span class='ocr_line' id='line_1_3' title="bbox 187 623 1259 726; baseline -0.002 -30"><span class='ocrx_word' id='word_1_12' title='bbox 187 626 279 726; x_wconf 84' lang='lat' dir='ltr'><strong>ginti</strong></span> <span class='ocrx_word' id='word_1_13' title='bbox 303 640 424 712; x_wconf 90' lang='lat' dir='ltr'><strong>erant,</strong></span> <span class='ocrx_word' id='word_1_14' title='bbox 451 624 645 697; x_wconf 85' lang='lat' dir='ltr'><strong>Jerusalem</strong></span> <span class='ocrx_word' id='word_1_15' title='bbox 670 623 862 710; x_wconf 80' lang='lat' dir='ltr'><strong>remeavit3</strong></span> <span class='ocrx_word' id='word_1_16' title='bbox 892 623 1037 710; x_wconf 91' lang='lat' dir='ltr'><strong>Petrus,</strong></span> <span class='ocrx_word' id='word_1_17' title='bbox 1063 623 1126 721; x_wconf 90' lang='lat' dir='ltr'><strong>qui</strong></span> <span class='ocrx_word' id='word_1_18' title='bbox 1149 646 1259 694; x_wconf 83' lang='lat' dir='ltr'><strong>roca-</strong></span> 
     </span>
     <span class='ocr_line' id='line_1_4' title="bbox 189 736 1260 841; baseline -0.002 -27"><span class='ocrx_word' id='word_1_19' title='bbox 189 744 289 817; x_wconf 82' lang='lat' dir='ltr'><strong>tione</strong></span> <span class='ocrx_word' id='word_1_20' title='bbox 313 741 472 841; x_wconf 88' lang='lat' dir='ltr'><strong>primus,</strong></span> <span class='ocrx_word' id='word_1_21' title='bbox 499 757 535 814; x_wconf 91' lang='lat' dir='ltr'><strong>et</strong></span> <span class='ocrx_word' id='word_1_22' title='bbox 556 741 730 841; x_wconf 84' lang='lat' dir='ltr'>dignitate</span> <span class='ocrx_word' id='word_1_23' title='bbox 753 741 928 811; x_wconf 85' lang='lat' dir='ltr'><strong>maximus</strong></span> <span class='ocrx_word' id='word_1_24' title='bbox 953 754 1050 830; x_wconf 91' lang='lat' dir='ltr'><strong>erat,</strong></span> <span class='ocrx_word' id='word_1_25' title='bbox 1075 740 1113 810; x_wconf 88' lang='lat' dir='ltr'><strong>in</strong></span> <span class='ocrx_word' id='word_1_26' title='bbox 1137 736 1260 812; x_wconf 88' lang='lat' dir='ltr'><strong>medio</strong></span> 
     </span>
    </p>

    <p class='ocr_par' dir='ltr' id='par_1_3' title="bbox 62 855 1276 2356">
     <span class='ocr_line' id='line_1_5' title="bbox 62 855 1259 956; baseline -0.004 -24"><span class='ocrx_word' id='word_1_27' title='bbox 62 924 66 932; x_wconf 91' lang='lat'><em>.</em></span> <span class='ocrx_word' id='word_1_28' title='bbox 188 859 344 931; x_wconf 84' lang='lat' dir='ltr'>fratrum</span> <span class='ocrx_word' id='word_1_29' title='bbox 357 858 531 946; x_wconf 87' lang='lat' dir='ltr'><strong>surrexit,</strong></span> <span class='ocrx_word' id='word_1_30' title='bbox 552 856 644 930; x_wconf 91' lang='lat' dir='ltr'><strong>etde</strong></span> <span class='ocrx_word' id='word_1_31' title='bbox 660 856 749 929; x_wconf 91' lang='lat' dir='ltr'><strong>Juda</strong></span> <span class='ocrx_word' id='word_1_32' title='bbox 766 857 951 955; x_wconf 83' lang='lat' dir='ltr'><strong>proditore</strong></span> <span class='ocrx_word' id='word_1_33' title='bbox 964 855 1149 942; x_wconf 85' lang='lat' dir='ltr'><strong>disseruit,</strong></span> <span class='ocrx_word' id='word_1_34' title='bbox 1166 879 1259 956; x_wconf 86' lang='lat' dir='ltr'><strong>quo·</strong></span> 
     </span>
     <span class='ocr_line' id='line_1_6' title="bbox 189 970 1257 1074; baseline -0.008 -25"><span class='ocrx_word' id='word_1_35' title='bbox 189 974 299 1049; x_wconf 93' lang='lat' dir='ltr'><strong>modo</strong></span> <span class='ocrx_word' id='word_1_36' title='bbox 312 1001 500 1074; x_wconf 90' lang='lat' dir='ltr'><strong>suspensus</strong></span> <span class='ocrx_word' id='word_1_37' title='bbox 512 975 608 1048; x_wconf 89' lang='lat' dir='ltr'><strong>inter</strong></span> <span class='ocrx_word' id='word_1_38' title='bbox 618 974 753 1046; x_wconf 91' lang='lat' dir='ltr'><strong>coelum</strong></span> <span class='ocrx_word' id='word_1_39' title='bbox 766 989 802 1046; x_wconf 93' lang='lat' dir='ltr'><strong>et</strong></span> <span class='ocrx_word' id='word_1_40' title='bbox 812 988 944 1046; x_wconf 86' lang='lat' dir='ltr'><strong>terram</strong></span> <span class='ocrx_word' id='word_1_41' title='bbox 953 970 1091 1044; x_wconf 91' lang='lat' dir='ltr'><strong>medius</strong></span> <span class='ocrx_word' id='word_1_42' title='bbox 1101 971 1257 1070; x_wconf 84' lang='lat' dir='ltr'><strong>crepuit,</strong></span> 
     </span>
     <span class='ocr_line' id='line_1_7' title="bbox 189 1087 1260 1188; baseline -0.005 -24"><span class='ocrx_word' id='word_1_43' title='bbox 189 1107 227 1164; x_wconf 96' lang='lat' dir='ltr'><strong>et</strong></span> <span class='ocrx_word' id='word_1_44' title='bbox 241 1092 374 1163; x_wconf 83' lang='lat' dir='ltr'><strong>viscera</strong></span> <span class='ocrx_word' id='word_1_45' title='bbox 398 1093 471 1188; x_wconf 87' lang='lat' dir='ltr'><strong>ejus</strong></span> <span class='ocrx_word' id='word_1_46' title='bbox 494 1089 602 1162; x_wconf 81' lang='lat' dir='ltr'><strong>effusa</strong></span> <span class='ocrx_word' id='word_1_47' title='bbox 620 1105 725 1177; x_wconf 92' lang='lat' dir='ltr'><strong>sunt,</strong></span> <span class='ocrx_word' id='word_1_48' title='bbox 745 1090 829 1188; x_wconf 87' lang='lat' dir='ltr'><strong>qnia</strong></span> <span class='ocrx_word' id='word_1_49' title='bbox 851 1113 917 1160; x_wconf 92' lang='lat' dir='ltr'><strong>nec</strong></span> <span class='ocrx_word' id='word_1_50' title='bbox 938 1087 1053 1175; x_wconf 89' lang='lat' dir='ltr'><strong>coelo,</strong></span> <span class='ocrx_word' id='word_1_51' title='bbox 1078 1112 1145 1160; x_wconf 89' lang='lat' dir='ltr'><strong>nec</strong></span> <span class='ocrx_word' id='word_1_52' title='bbox 1163 1102 1260 1160; x_wconf 85' lang='lat' dir='ltr'><strong>terra</strong></span> 
     </span>
     <span class='ocr_line' id='line_1_8' title="bbox 189 1203 1263 1307; baseline -0.003 -28"><span class='ocrx_word' id='word_1_53' title='bbox 189 1207 318 1306; x_wconf 84' lang='lat' dir='ltr'><strong>dignus</strong></span> <span class='ocrx_word' id='word_1_54' title='bbox 336 1221 407 1294; x_wconf 89' lang='lat' dir='ltr'><strong>est;</strong></span> <span class='ocrx_word' id='word_1_55' title='bbox 432 1221 469 1279; x_wconf 93' lang='lat' dir='ltr'><strong>et</strong></span> <span class='ocrx_word' id='word_1_56' title='bbox 489 1216 572 1307; x_wconf 85' lang='lat' dir='ltr'><strong>ager</strong></span> <span class='ocrx_word' id='word_1_57' title='bbox 589 1207 707 1305; x_wconf 87' lang='lat' dir='ltr'><strong>pretio</strong></span> <span class='ocrx_word' id='word_1_58' title='bbox 730 1204 862 1278; x_wconf 84' lang='lat' dir='ltr'><strong>Christi</strong></span> <span class='ocrx_word' id='word_1_59' title='bbox 886 1221 1046 1304; x_wconf 91' lang='lat' dir='ltr'><strong>emptus,</strong></span> <span class='ocrx_word' id='word_1_60' title='bbox 1069 1203 1263 1292; x_wconf 81' lang='lat' dir='ltr'><strong>Achelde-</strong></span> 
     </span>
     <span class='ocr_line' id='line_1_9' title="bbox 192 1318 1264 1423; baseline -0.003 -29"><span class='ocrx_word' id='word_1_61' title='bbox 192 1322 313 1410; x_wconf 80' lang='lat' dir='ltr'><strong>mach,</strong></span> <span class='ocrx_word' id='word_1_62' title='bbox 333 1320 402 1395; x_wconf 93' lang='lat' dir='ltr'><strong>hoc</strong></span> <span class='ocrx_word' id='word_1_63' title='bbox 420 1338 473 1396; x_wconf 90' lang='lat' dir='ltr'><strong>est</strong></span> <span class='ocrx_word' id='word_1_64' title='bbox 489 1350 581 1423; x_wconf 81' lang='lat' dir='ltr'><strong>ager</strong></span> <span class='ocrx_word' id='word_1_65' title='bbox 592 1325 786 1422; x_wconf 80' lang='lat' dir='ltr'><strong>sanguinis</strong></span> <span class='ocrx_word' id='word_1_66' title='bbox 801 1336 947 1396; x_wconf 83' lang='lat' dir='ltr'><strong>vocatus</strong></span> <span class='ocrx_word' id='word_1_67' title='bbox 962 1336 1028 1393; x_wconf 88' lang='lat' dir='ltr'><strong>est.</strong></span> <span class='ocrx_word' id='word_1_68' title='bbox 1044 1318 1183 1394; x_wconf 89' lang='lat' dir='ltr'><strong>Deinde</strong></span> <span class='ocrx_word' id='word_1_69' title='bbox 1199 1320 1264 1392; x_wconf 92' lang='lat' dir='ltr'><strong>ad-</strong></span> 
     </span>
     <span class='ocr_line' id='line_1_10' title="bbox 192 1433 1263 1537; baseline -0.004 -27"><span class='ocrx_word' id='word_1_70' title='bbox 192 1437 337 1510; x_wconf 89' lang='lat' dir='ltr'><strong>monuit</strong></span> <span class='ocrx_word' id='word_1_71' title='bbox 360 1452 402 1508; x_wconf 92' lang='lat' dir='ltr'><strong>ut</strong></span> <span class='ocrx_word' id='word_1_72' title='bbox 426 1439 518 1511; x_wconf 89' lang='lat' dir='ltr'><strong>sicut</strong></span> <span class='ocrx_word' id='word_1_73' title='bbox 542 1436 655 1510; x_wconf 85' lang='lat' dir='ltr'><strong>David</strong></span> <span class='ocrx_word' id='word_1_74' title='bbox 677 1436 912 1537; x_wconf 77' lang='lat' dir='ltr'><strong>praedixerat,</strong></span> <span class='ocrx_word' id='word_1_75' title='bbox 939 1437 1029 1510; x_wconf 88' lang='lat' dir='ltr'><strong>alter</strong></span> <span class='ocrx_word' id='word_1_76' title='bbox 1053 1462 1123 1535; x_wconf 92' lang='lat' dir='ltr'><strong>pro</strong></span> <span class='ocrx_word' id='word_1_77' title='bbox 1149 1461 1194 1508; x_wconf 91' lang='lat' dir='ltr'><strong>eo</strong></span> <span class='ocrx_word' id='word_1_78' title='bbox 1217 1433 1263 1507; x_wconf 90' lang='lat' dir='ltr'><strong>ad</strong></span> 
     </span>
     <span class='ocr_line' id='line_1_11' title="bbox 192 1553 1265 1655; baseline -0.001 -29"><span class='ocrx_word' id='word_1_79' title='bbox 192 1553 460 1654; x_wconf 86' lang='lat' dir='ltr'><strong>praedicationis</strong></span> <span class='ocrx_word' id='word_1_80' title='bbox 478 1580 568 1655; x_wconf 93' lang='lat' dir='ltr'><strong>opus</strong></span> <span class='ocrx_word' id='word_1_81' title='bbox 585 1572 622 1628; x_wconf 90' lang='lat' dir='ltr'><strong>et</strong></span> <span class='ocrx_word' id='word_1_82' title='bbox 638 1556 782 1629; x_wconf 87' lang='lat' dir='ltr'><strong>coeleste</strong></span> <span class='ocrx_word' id='word_1_83' title='bbox 798 1556 1041 1629; x_wconf 89' lang='lat' dir='ltr'><strong>ministerium</strong></span> <span class='ocrx_word' id='word_1_84' title='bbox 1054 1555 1265 1655; x_wconf 80' lang='lat' dir='ltr'><strong>eligeretur.&#39;</strong></span> 
     </span>
     <span class='ocr_line' id='line_1_12' title="bbox 194 1673 1264 1774; baseline -0.001 -29"><span class='ocrx_word' id='word_1_85' title='bbox 194 1673 326 1747; x_wconf 88' lang='lat' dir='ltr'><strong>Omnes</strong></span> <span class='ocrx_word' id='word_1_86' title='bbox 345 1674 465 1774; x_wconf 90' lang='lat' dir='ltr'><strong>itaque</strong></span> <span class='ocrx_word' id='word_1_87' title='bbox 480 1675 613 1774; x_wconf 91' lang='lat' dir='ltr'><strong>prioris</strong></span> <span class='ocrx_word' id='word_1_88' title='bbox 632 1674 845 1748; x_wconf 89' lang='lat' dir='ltr'><strong>sententiam</strong></span> <span class='ocrx_word' id='word_1_89' title='bbox 863 1686 1139 1759; x_wconf 88' lang='lat' dir='ltr'><strong>concesserunt,</strong></span> <span class='ocrx_word' id='word_1_90' title='bbox 1161 1686 1198 1744; x_wconf 95' lang='lat' dir='ltr'><strong>et</strong></span> <span class='ocrx_word' id='word_1_91' title='bbox 1216 1696 1264 1744; x_wconf 90' lang='lat' dir='ltr'><strong>ne</strong></span> 
     </span>
     <span class='ocr_line' id='line_1_13' title="bbox 193 1789 1261 1892; baseline -0.002 -30"><span class='ocrx_word' id='word_1_92' title='bbox 193 1816 290 1864; x_wconf 91' lang='lat' dir='ltr'><strong>sacer</strong></span> <span class='ocrx_word' id='word_1_93' title='bbox 319 1817 490 1865; x_wconf 87' lang='lat' dir='ltr'><strong>numerus</strong></span> <span class='ocrx_word' id='word_1_94' title='bbox 519 1793 767 1892; x_wconf 86' lang='lat' dir='ltr'><strong>apostolorum</strong></span> <span class='ocrx_word' id='word_1_95' title='bbox 795 1791 1024 1890; x_wconf 85' lang='lat' dir='ltr'><strong>imperfectus</strong></span> <span class='ocrx_word' id='word_1_96' title='bbox 1056 1789 1261 1877; x_wconf 85' lang='lat' dir='ltr'><strong>videretur,</strong></span> 
     </span>
     <span class='ocr_line' id='line_1_14' title="bbox 193 1905 1265 2007; baseline -0.004 -26"><span class='ocrx_word' id='word_1_97' title='bbox 193 1905 325 2007; x_wconf 88' lang='lat' dir='ltr'><strong>Joseph</strong></span> <span class='ocrx_word' id='word_1_98' title='bbox 334 1911 473 2007; x_wconf 89' lang='lat' dir='ltr'><strong>justum</strong></span> <span class='ocrx_word' id='word_1_99' title='bbox 488 1923 524 1981; x_wconf 89' lang='lat' dir='ltr'><strong>et</strong></span> <span class='ocrx_word' id='word_1_100' title='bbox 542 1907 718 1981; x_wconf 86' lang='lat' dir='ltr'><strong>Mathiam</strong></span> <span class='ocrx_word' id='word_1_101' title='bbox 734 1908 996 2007; x_wconf 72' lang='lat' dir='ltr'><strong>praetulerunt,</strong></span> <span class='ocrx_word' id='word_1_102' title='bbox 1013 1907 1131 2006; x_wconf 87' lang='lat' dir='ltr'><strong>eisque</strong></span> <span class='ocrx_word' id='word_1_103' title='bbox 1149 1921 1265 1978; x_wconf 86' lang='lat' dir='ltr'><strong>sortes</strong></span> 
     </span>
     <span class='ocr_line' id='line_1_15' title="bbox 196 2017 1276 2121; baseline -0.003 -26"><span class='ocrx_word' id='word_1_104' title='bbox 196 2023 385 2096; x_wconf 88' lang='lat' dir='ltr'><strong>dederunt.</strong></span> <span class='ocrx_word' id='word_1_105' title='bbox 410 2023 580 2098; x_wconf 86' lang='lat' dir='ltr'><strong>Oratione</strong></span> <span class='ocrx_word' id='word_1_106' title='bbox 601 2040 720 2097; x_wconf 92' lang='lat' dir='ltr'><strong>autem</strong></span> <span class='ocrx_word' id='word_1_107' title='bbox 743 2051 763 2096; x_wconf 89' lang='lat' dir='ltr'><strong>a</strong></span> <span class='ocrx_word' id='word_1_108' title='bbox 788 2025 896 2097; x_wconf 86' lang='lat' dir='ltr'><strong>Petro</strong></span> <span class='ocrx_word' id='word_1_109' title='bbox 916 2021 1029 2106; x_wconf 82' lang='lat' dir='ltr'><strong>facta,</strong></span> <span class='ocrx_word' id='word_1_110' title='bbox 1052 2037 1089 2094; x_wconf 91' lang='lat' dir='ltr'><strong>et</strong></span> <span class='ocrx_word' id='word_1_111' title='bbox 1115 2017 1161 2092; x_wconf 89' lang='lat' dir='ltr'><strong>ab</strong></span> <span class='ocrx_word' id='word_1_112' title='bbox 1186 2019 1276 2121; x_wconf 68' lang='lat' dir='ltr'><strong>aliis¹</strong></span> 
     </span>
     <span class='ocr_line' id='line_1_16' title="bbox 196 2137 1266 2239; baseline -0.003 -28"><span class='ocrx_word' id='word_1_113' title='bbox 196 2139 429 2227; x_wconf 88' lang='lat' dir='ltr'><strong>confirmata,</strong></span> <span class='ocrx_word' id='word_1_114' title='bbox 464 2165 541 2214; x_wconf 90' lang='lat' dir='ltr'><strong>sors</strong></span> <span class='ocrx_word' id='word_1_115' title='bbox 575 2167 683 2239; x_wconf 89' lang='lat' dir='ltr'><strong>super</strong></span> <span class='ocrx_word' id='word_1_116' title='bbox 716 2138 889 2211; x_wconf 89' lang='lat' dir='ltr'><strong>Mathiam</strong></span> <span class='ocrx_word' id='word_1_117' title='bbox 922 2137 1071 2224; x_wconf 92' lang='lat' dir='ltr'><strong>cecidit,</strong></span> <span class='ocrx_word' id='word_1_118' title='bbox 1109 2151 1146 2211; x_wconf 91' lang='lat' dir='ltr'><strong>et</strong></span> <span class='ocrx_word' id='word_1_119' title='bbox 1174 2162 1266 2210; x_wconf 88' lang='lat' dir='ltr'><strong>con-</strong></span> 
     </span>
     <span class='ocr_line' id='line_1_17' title="bbox 198 2256 1263 2356; baseline -0.001 -30"><span class='ocrx_word' id='word_1_120' title='bbox 198 2271 405 2328; x_wconf 90' lang='lat' dir='ltr'><strong>numeratus</strong></span> <span class='ocrx_word' id='word_1_121' title='bbox 437 2271 490 2329; x_wconf 90' lang='lat' dir='ltr'><strong>est</strong></span> <span class='ocrx_word' id='word_1_122' title='bbox 521 2283 605 2328; x_wconf 82' lang='lat' dir='ltr'><strong>cum</strong></span> <span class='ocrx_word' id='word_1_123' title='bbox 637 2281 675 2328; x_wconf 85' lang='lat' dir='ltr'><strong>x1</strong></span> <span class='ocrx_word' id='word_1_124' title='bbox 706 2258 877 2356; x_wconf 89' lang='lat' dir='ltr'><strong>apostolis</strong></span> <span class='ocrx_word' id='word_1_125' title='bbox 909 2256 978 2355; x_wconf 89' lang='lat'><strong>(1)</strong></span> <span class='ocrx_word' id='word_1_126' title='bbox 1012 2256 1057 2326; x_wconf 87' lang='lat' dir='ltr'><strong>lli</strong></span> <span class='ocrx_word' id='word_1_127' title='bbox 1094 2270 1180 2326; x_wconf 91' lang='lat' dir='ltr'><strong>sunt</strong></span> <span class='ocrx_word' id='word_1_128' title='bbox 1212 2277 1263 2326; x_wconf 86' lang='lat' dir='ltr'><strong>xn</strong></span> 
     </span>
    </p>

    <p class='ocr_par' dir='ltr' id='par_1_4' title="bbox 76 2369 1278 3966">
     <span class='ocr_line' id='line_1_18' title="bbox 76 2369 1265 2472; baseline 0 -30"><span class='ocrx_word' id='word_1_129' title='bbox 76 2420 79 2427; x_wconf 84' lang='lat'>·</span> <span class='ocrx_word' id='word_1_130' title='bbox 196 2369 293 2445; x_wconf 79' lang='lat' dir='ltr'><strong>horae</strong></span> <span class='ocrx_word' id='word_1_131' title='bbox 319 2370 388 2445; x_wconf 94' lang='lat' dir='ltr'><strong>diei</strong></span> <span class='ocrx_word' id='word_1_132' title='bbox 417 2388 453 2444; x_wconf 89' lang='lat' dir='ltr'><strong>et</strong></span> <span class='ocrx_word' id='word_1_133' title='bbox 474 2373 624 2472; x_wconf 84' lang='lat' dir='ltr'><strong>perlecti</strong></span> <span class='ocrx_word' id='word_1_134' title='bbox 653 2398 704 2445; x_wconf 84' lang='lat' dir='ltr'><strong>xn</strong></span> <span class='ocrx_word' id='word_1_135' title='bbox 738 2397 876 2446; x_wconf 89' lang='lat' dir='ltr'><strong>menses</strong></span> <span class='ocrx_word' id='word_1_136' title='bbox 903 2373 1012 2460; x_wconf 90' lang='lat' dir='ltr'><strong>anni,</strong></span> <span class='ocrx_word' id='word_1_137' title='bbox 1041 2385 1149 2472; x_wconf 88' lang='lat' dir='ltr'><strong>atque</strong></span> <span class='ocrx_word' id='word_1_138' title='bbox 1175 2369 1265 2442; x_wconf 91' lang='lat' dir='ltr'><strong>mul·</strong></span> 
     </span>
     <span class='ocr_line' id='line_1_19' title="bbox 197 2487 1265 2591; baseline 0 -32"><span class='ocrx_word' id='word_1_139' title='bbox 197 2488 242 2560; x_wconf 86' lang='lat' dir='ltr'><strong>tis</strong></span> <span class='ocrx_word' id='word_1_140' title='bbox 259 2489 509 2591; x_wconf 85' lang='lat' dir='ltr'><strong>aenigmatibus</strong></span> <span class='ocrx_word' id='word_1_141' title='bbox 525 2519 544 2564; x_wconf 93' lang='lat' dir='ltr'><strong>a</strong></span> <span class='ocrx_word' id='word_1_142' title='bbox 566 2489 752 2591; x_wconf 89' lang='lat' dir='ltr'><strong>prophetis</strong></span> <span class='ocrx_word' id='word_1_143' title='bbox 773 2507 809 2564; x_wconf 90' lang='lat' dir='ltr'><strong>et</strong></span> <span class='ocrx_word' id='word_1_144' title='bbox 828 2489 1037 2590; x_wconf 89' lang='lat' dir='ltr'><strong>patriarchis</strong></span> <span class='ocrx_word' id='word_1_145' title='bbox 1052 2487 1265 2587; x_wconf 85' lang='lat' dir='ltr'><strong>jamdudum</strong></span> 
     </span>
     <span class='ocr_line' id='line_1_20' title="bbox 198 2605 1268 2707; baseline 0 -31"><span class='ocrx_word' id='word_1_146' title='bbox 198 2605 369 2707; x_wconf 85' lang='lat' dir='ltr'><strong>designati</strong></span> <span class='ocrx_word' id='word_1_147' title='bbox 387 2609 552 2707; x_wconf 88' lang='lat' dir='ltr'><strong>apostoli.</strong></span> <span class='ocrx_word' id='word_1_148' title='bbox 569 2612 642 2682; x_wconf 92' lang='lat' dir='ltr'><strong>Hos</strong></span> <span class='ocrx_word' id='word_1_149' title='bbox 657 2624 877 2684; x_wconf 82' lang='lat' dir='ltr'><strong>venerantur</strong></span> <span class='ocrx_word' id='word_1_150' title='bbox 889 2635 1014 2682; x_wconf 91' lang='lat' dir='ltr'><strong>omnes</strong></span> <span class='ocrx_word' id='word_1_151' title='bbox 1032 2606 1194 2680; x_wconf 89' lang='lat' dir='ltr'><strong>fidelium</strong></span> <span class='ocrx_word' id='word_1_152' title='bbox 1206 2631 1268 2677; x_wconf 92' lang='lat' dir='ltr'><strong>na-</strong></span> 
     </span>
     <span class='ocr_line' id='line_1_21' title="bbox 199 2721 1268 2828; baseline 0.001 -34"><span class='ocrx_word' id='word_1_153' title='bbox 199 2723 335 2812; x_wconf 91' lang='lat' dir='ltr'><strong>tiones,</strong></span> <span class='ocrx_word' id='word_1_154' title='bbox 356 2727 557 2828; x_wconf 89' lang='lat' dir='ltr'><strong>meritoque</strong></span> <span class='ocrx_word' id='word_1_155' title='bbox 574 2743 768 2800; x_wconf 87' lang='lat' dir='ltr'><strong>censentur</strong></span> <span class='ocrx_word' id='word_1_156' title='bbox 780 2725 864 2798; x_wconf 88' lang='lat' dir='ltr'><strong>coeli</strong></span> <span class='ocrx_word' id='word_1_157' title='bbox 879 2740 1079 2811; x_wconf 87' lang='lat' dir='ltr'><strong>senatores,</strong></span> <span class='ocrx_word' id='word_1_158' title='bbox 1095 2738 1132 2796; x_wconf 95' lang='lat' dir='ltr'><strong>et</strong></span> <span class='ocrx_word' id='word_1_159' title='bbox 1149 2721 1268 2796; x_wconf 88' lang='lat' dir='ltr'><strong>ecclc-</strong></span> 
     </span>
     <span class='ocr_line' id='line_1_22' title="bbox 199 2836 1268 2943; baseline 0.002 -33"><span class='ocrx_word' id='word_1_160' title='bbox 199 2840 261 2912; x_wconf 85' lang='lat' dir='ltr'><strong>siae</strong></span> <span class='ocrx_word' id='word_1_161' title='bbox 274 2840 419 2941; x_wconf 83' lang='lat' dir='ltr'><strong>gloriosi</strong></span> <span class='ocrx_word' id='word_1_162' title='bbox 433 2843 635 2943; x_wconf 87' lang='lat' dir='ltr'><strong>principes;</strong></span> <span class='ocrx_word' id='word_1_163' title='bbox 655 2845 737 2943; x_wconf 90' lang='lat' dir='ltr'><strong>quia</strong></span> <span class='ocrx_word' id='word_1_164' title='bbox 754 2870 851 2916; x_wconf 82' lang='lat' dir='ltr'><strong>verae</strong></span> <span class='ocrx_word' id='word_1_165' title='bbox 868 2843 933 2913; x_wconf 90' lang='lat' dir='ltr'><strong>viti</strong></span> <span class='ocrx_word' id='word_1_166' title='bbox 949 2840 1092 2913; x_wconf 89' lang='lat' dir='ltr'><strong>Christo</strong></span> <span class='ocrx_word' id='word_1_167' title='bbox 1110 2836 1268 2912; x_wconf 83' lang='lat' dir='ltr'><strong>inhaese-</strong></span> 
     </span>
     <span class='ocr_line' id='line_1_23' title="bbox 201 2956 1268 3060; baseline -0.001 -32"><span class='ocrx_word' id='word_1_168' title='bbox 201 2972 290 3028; x_wconf 90' lang='lat' dir='ltr'><strong>runt</strong></span> <span class='ocrx_word' id='word_1_169' title='bbox 312 2958 489 3033; x_wconf 79' lang='lat' dir='ltr'><strong>fructuosi</strong></span> <span class='ocrx_word' id='word_1_170' title='bbox 512 2960 689 3060; x_wconf 90' lang='lat' dir='ltr'><strong>palmites.</strong></span> <span class='ocrx_word' id='word_1_171' title='bbox 715 2961 799 3058; x_wconf 87' lang='lat' dir='ltr'><strong>Ejus</strong></span> <span class='ocrx_word' id='word_1_172' title='bbox 823 2959 920 3032; x_wconf 91' lang='lat' dir='ltr'><strong>enim</strong></span> <span class='ocrx_word' id='word_1_173' title='bbox 944 2959 980 3031; x_wconf 92' lang='lat' dir='ltr'><strong>in</strong></span> <span class='ocrx_word' id='word_1_174' title='bbox 1007 2958 1099 3030; x_wconf 85' lang='lat' dir='ltr'><strong>arvis</strong></span> <span class='ocrx_word' id='word_1_175' title='bbox 1121 2956 1268 3056; x_wconf 79' lang='lat' dir='ltr'><strong>vestigia</strong></span> 
     </span>
     <span class='ocr_line' id='line_1_24' title="bbox 202 3073 1271 3174; baseline 0.002 -32"><span class='ocrx_word' id='word_1_176' title='bbox 202 3073 401 3171; x_wconf 89' lang='lat' dir='ltr'><strong>specialiter</strong></span> <span class='ocrx_word' id='word_1_177' title='bbox 431 3075 559 3146; x_wconf 89' lang='lat' dir='ltr'><strong>imitati</strong></span> <span class='ocrx_word' id='word_1_178' title='bbox 592 3090 677 3146; x_wconf 90' lang='lat' dir='ltr'><strong>sunt</strong></span> <span class='ocrx_word' id='word_1_179' title='bbox 709 3089 903 3174; x_wconf 76' lang='lat' dir='ltr'><strong>spontanea</strong></span> <span class='ocrx_word' id='word_1_180' title='bbox 934 3087 1142 3172; x_wconf 88' lang='lat' dir='ltr'><strong>paupertate</strong></span> <span class='ocrx_word' id='word_1_181' title='bbox 1175 3073 1271 3144; x_wconf 88' lang='lat' dir='ltr'><strong>inter</strong></span> 
     </span>
     <span class='ocr_line' id='line_1_25' title="bbox 203 3185 1273 3289; baseline -0.001 -30"><span class='ocrx_word' id='word_1_182' title='bbox 203 3185 385 3276; x_wconf 89' lang='lat' dir='ltr'><strong>homines,</strong></span> <span class='ocrx_word' id='word_1_183' title='bbox 410 3190 582 3289; x_wconf 89' lang='lat' dir='ltr'><strong>mirisque</strong></span> <span class='ocrx_word' id='word_1_184' title='bbox 599 3188 794 3261; x_wconf 83' lang='lat' dir='ltr'><strong>virtutihus</strong></span> <span class='ocrx_word' id='word_1_185' title='bbox 813 3189 994 3262; x_wconf 87' lang='lat' dir='ltr'><strong>fulserunt</strong></span> <span class='ocrx_word' id='word_1_186' title='bbox 1010 3189 1166 3288; x_wconf 85' lang='lat' dir='ltr'><strong>insignes</strong></span> <span class='ocrx_word' id='word_1_187' title='bbox 1185 3187 1273 3260; x_wconf 89' lang='lat' dir='ltr'><strong>socii</strong></span> 
     </span>
     <span class='ocr_line' id='line_1_26' title="bbox 203 3304 1276 3396; baseline -0.003 -17"><span class='ocrx_word' id='word_1_188' title='bbox 203 3322 240 3379; x_wconf 95' lang='lat' dir='ltr'><strong>et</strong></span> <span class='ocrx_word' id='word_1_189' title='bbox 257 3307 531 3396; x_wconf 89' lang='lat' dir='ltr'><strong>consecretales,</strong></span> <span class='ocrx_word' id='word_1_190' title='bbox 547 3333 645 3380; x_wconf 88' lang='lat' dir='ltr'><strong>nunc</strong></span> <span class='ocrx_word' id='word_1_191' title='bbox 656 3333 745 3380; x_wconf 86' lang='lat' dir='ltr'><strong>vero</strong></span> <span class='ocrx_word' id='word_1_192' title='bbox 759 3308 795 3379; x_wconf 90' lang='lat' dir='ltr'><strong>in</strong></span> <span class='ocrx_word' id='word_1_193' title='bbox 812 3304 1018 3380; x_wconf 86' lang='lat' dir='ltr'><strong>coelestibus</strong></span> <span class='ocrx_word' id='word_1_194' title='bbox 1032 3304 1175 3378; x_wconf 87' lang='lat' dir='ltr'><strong>thronis</strong></span> <span class='ocrx_word' id='word_1_195' title='bbox 1191 3330 1276 3377; x_wconf 91' lang='lat' dir='ltr'><strong>con·</strong></span> 
     </span>
     <span class='ocr_line' id='line_1_27' title="bbox 205 3423 1274 3521; baseline -0.004 -25"><span class='ocrx_word' id='word_1_196' title='bbox 205 3450 372 3512; x_wconf 89' lang='lat' dir='ltr'><strong>sessores,</strong></span> <span class='ocrx_word' id='word_1_197' title='bbox 390 3440 426 3497; x_wconf 91' lang='lat' dir='ltr'><strong>et</strong></span> <span class='ocrx_word' id='word_1_198' title='bbox 439 3452 488 3496; x_wconf 82' lang='lat' dir='ltr'><strong>xu</strong></span> <span class='ocrx_word' id='word_1_199' title='bbox 505 3423 667 3497; x_wconf 87' lang='lat' dir='ltr'><strong>tribuum</strong></span> <span class='ocrx_word' id='word_1_200' title='bbox 680 3424 920 3498; x_wconf 87' lang='lat' dir='ltr'><strong>Israelitarum</strong></span> <span class='ocrx_word' id='word_1_201' title='bbox 931 3423 1019 3521; x_wconf 91' lang='lat' dir='ltr'><strong>justi</strong></span> <span class='ocrx_word' id='word_1_202' title='bbox 1037 3446 1213 3496; x_wconf 90' lang='lat' dir='ltr'><strong>censores.</strong></span> <span class='ocrx_word' id='word_1_203' title='bbox 1226 3423 1274 3494; x_wconf 83' lang='lat' dir='ltr'><strong>Et</strong></span> 
     </span>
     <span class='ocr_line' id='line_1_28' title="bbox 206 3538 1275 3617; baseline -0.003 -3"><span class='ocrx_word' id='word_1_204' title='bbox 206 3542 299 3614; x_wconf 90' lang='lat' dir='ltr'><strong>sicut</strong></span> <span class='ocrx_word' id='word_1_205' title='bbox 325 3543 361 3614; x_wconf 92' lang='lat' dir='ltr'><strong>in</strong></span> <span class='ocrx_word' id='word_1_206' title='bbox 390 3543 494 3616; x_wconf 88' lang='lat' dir='ltr'><strong>terris</strong></span> <span class='ocrx_word' id='word_1_207' title='bbox 519 3543 654 3617; x_wconf 88' lang='lat' dir='ltr'><strong>assidue</strong></span> <span class='ocrx_word' id='word_1_208' title='bbox 678 3556 917 3616; x_wconf 90' lang='lat' dir='ltr'><strong>cucurrerunt</strong></span> <span class='ocrx_word' id='word_1_209' title='bbox 940 3540 983 3612; x_wconf 90' lang='lat' dir='ltr'><strong>ad</strong></span> <span class='ocrx_word' id='word_1_210' title='bbox 1004 3538 1171 3611; x_wconf 86' lang='lat' dir='ltr'><strong>bravium</strong></span> <span class='ocrx_word' id='word_1_211' title='bbox 1193 3541 1275 3611; x_wconf 79' lang='lat' dir='ltr'><strong>ritae</strong></span> 
     </span>
     <span class='ocr_line' id='line_1_29' title="bbox 207 3652 1276 3757; baseline -0.003 -30"><span class='ocrx_word' id='word_1_212' title='bbox 207 3655 338 3728; x_wconf 84' lang='lat' dir='ltr'><strong>Christi</strong></span> <span class='ocrx_word' id='word_1_213' title='bbox 362 3684 546 3757; x_wconf 86' lang='lat' dir='ltr'><strong>sequaces,</strong></span> <span class='ocrx_word' id='word_1_214' title='bbox 568 3675 602 3732; x_wconf 90' lang='lat' dir='ltr'><strong>et</strong></span> <span class='ocrx_word' id='word_1_215' title='bbox 628 3659 664 3730; x_wconf 94' lang='lat' dir='ltr'><strong>in</strong></span> <span class='ocrx_word' id='word_1_216' title='bbox 689 3658 833 3733; x_wconf 88' lang='lat' dir='ltr'><strong>ecclesia</strong></span> <span class='ocrx_word' id='word_1_217' title='bbox 856 3655 1034 3728; x_wconf 89' lang='lat' dir='ltr'><strong>laboriose</strong></span> <span class='ocrx_word' id='word_1_218' title='bbox 1056 3652 1276 3728; x_wconf 84' lang='lat' dir='ltr'><strong>desudarunt</strong></span> 
     </span>
     <span class='ocr_line' id='line_1_30' title="bbox 207 3770 1278 3872; baseline -0.006 -26"><span class='ocrx_word' id='word_1_219' title='bbox 207 3776 281 3872; x_wconf 89' lang='lat' dir='ltr'><strong>ejus</strong></span> <span class='ocrx_word' id='word_1_220' title='bbox 298 3773 419 3844; x_wconf 85' lang='lat' dir='ltr'><strong>vicarii</strong></span> <span class='ocrx_word' id='word_1_221' title='bbox 446 3802 485 3846; x_wconf 91' lang='lat' dir='ltr'><strong>ac</strong></span> <span class='ocrx_word' id='word_1_222' title='bbox 512 3789 637 3863; x_wconf 85' lang='lat' dir='ltr'><strong>testes,</strong></span> <span class='ocrx_word' id='word_1_223' title='bbox 662 3775 711 3847; x_wconf 87' lang='lat' dir='ltr'><strong>sic</strong></span> <span class='ocrx_word' id='word_1_224' title='bbox 733 3799 832 3848; x_wconf 90' lang='lat' dir='ltr'><strong>nuuc</strong></span> <span class='ocrx_word' id='word_1_225' title='bbox 856 3772 950 3844; x_wconf 91' lang='lat' dir='ltr'><strong>illius</strong></span> <span class='ocrx_word' id='word_1_226' title='bbox 968 3770 1063 3845; x_wconf 88' lang='lat' dir='ltr'><strong>beati</strong></span> <span class='ocrx_word' id='word_1_227' title='bbox 1086 3782 1278 3844; x_wconf 89' lang='lat' dir='ltr'><strong>coruscant</strong></span> 
     </span>
     <span class='ocr_line' id='line_1_31' title="bbox 211 3888 596 3966; baseline 0.003 -4"><span class='ocrx_word' id='word_1_228' title='bbox 211 3892 249 3962; x_wconf 91' lang='lat' dir='ltr'><strong>in</strong></span> <span class='ocrx_word' id='word_1_229' title='bbox 268 3888 368 3961; x_wconf 88' lang='lat' dir='ltr'><strong>coelis</strong></span> <span class='ocrx_word' id='word_1_230' title='bbox 382 3888 596 3966; x_wconf 83' lang='lat' dir='ltr'><strong>cohaeredes.</strong></span> 
     </span>
    </p>
   </div>
   <div class='ocr_carea' id='block_1_3' title="bbox 1189 4054 1276 4066">
    <p class='ocr_par' dir='ltr' id='par_1_5' title="bbox 1189 4054 1276 4066">
     <span class='ocr_line' id='line_1_32' title="bbox 1189 4054 1276 4066; baseline 0.011 -3"><span class='ocrx_word' id='word_1_231' title='bbox 1189 4054 1276 4066; x_wconf 73' lang='lat'><strong>---·</strong></span> 
     </span>
    </p>
   </div>
   <div class='ocr_carea' id='block_1_4' title="bbox 246 4148 620 4223">
    <p class='ocr_par' dir='ltr' id='par_1_6' title="bbox 246 4148 620 4223">
     <span class='ocr_line' id='line_1_33' title="bbox 246 4148 620 4223; baseline 0.005 -18"><span class='ocrx_word' id='word_1_232' title='bbox 246 4148 285 4217; x_wconf 75' lang='grc' dir='ltr'><strong>(ι)</strong></span> <span class='ocrx_word' id='word_1_233' title='bbox 305 4149 366 4204; x_wconf 81' lang='lat' dir='ltr'><strong>het.</strong></span> <span class='ocrx_word' id='word_1_234' title='bbox 388 4149 620 4223; x_wconf 78' lang='lat' dir='ltr'><strong>spost.r,15-26.</strong></span> 
     </span>
    </p>
   </div>
   <div class='ocr_carea' id='block_1_5' title="bbox 0 0 1492 4958">
    <p class='ocr_par' dir='ltr' id='par_1_7' title="bbox 0 0 1492 4958">
     <span class='ocr_line' id='line_1_34' title="bbox 0 0 1492 4958; baseline 0 0"><span class='ocrx_word' id='word_1_235' title='bbox 0 0 1492 4958; x_wconf 95' lang='lat' dir='ltr'><strong> </strong></span> 
     </span>
    </p>
   </div>
  </div>
 </body>
</html>
