2894 4958
530 450 646 514 cisun
667 450 824 513 suiuus.
1171 428 1209 515 rs

146 595 213 671 per
231 583 417 670 angustam
434 582 601 667 portam,
620 565 665 642 de
680 567 837 642 carendo
853 595 873 640 a
889 567 985 642 falsis
1001 569 1207 668 prophetis,

147 687 193 763 de
206 685 318 761 domo
332 683 538 760 aedificanda
555 711 660 784 supra
675 701 835 784 petram,
855 712 959 760 verus
976 685 1106 761 doctor
1121 687 1211 764 doc-

149 814 273 877 torum
292 793 621 896 incomparabiliter
642 796 824 896 peroravit
842 796 910 895 (r).
928 796 1019 871 Cum
1040 823 1213 877 consum-

149 929 278 991 masset
297 915 397 996 Jesua
414 912 645 1014 perfectionis
665 911 792 1004 verba,
808 911 926 988 turbae
944 912 1214 990 admirabantur

150 1028 257 1134 super
270 1036 345 1133 ejus
356 1032 535 1107 doctrine·
551 1032 641 1105 Erat
653 1031 752 1105 enim
767 1057 827 1106 eos
840 1031 972 1106 docens
980 1086 992 1121 ,
1010 1032 1104 1105 sicut
1119 1034 1214 1107 Deus

151 1149 318 1242 omnium
331 1163 543 1249 pomsutem
559 1145 712 1240 babens,
728 1173 805 1223 uon
820 1148 913 1222 sicut
926 1148 1054 1224 scriboe
1071 1164 1107 1223 et
1122 1147 1216 1248 pha-

151 1265 265 1355 risaei,
283 1265 347 1366 qui
363 1263 456 1339 servi
479 1278 583 1338 eraut
598 1263 739 1364 Moysi,
763 1277 800 1336 et
817 1289 856 1336 ea
879 1278 1021 1339 tantum
1037 1263 1217 1338 docebant

151 1408 234 1483 quae
250 1379 404 1455 infirmis
420 1377 500 1452 data
517 1393 620 1452 erant
632 1379 702 1476 (a).

201 1498 294 1572 Cum
305 1511 426 1580 autem
437 1493 674 1570 descendisset
684 1493 730 1571 de
740 1511 881 1586 monte,
894 1511 1025 1572 secutae
1038 1512 1124 1570 sunt
1134 1522 1217 1571 eum

153 1611 272 1689 turbas
287 1613 425 1691 multae.
450 1613 649 1713 leprosum
669 1638 756 1687 vero
777 1612 987 1714 suppliciter
1008 1614 1218 1690 adorantem

101 1743 103 1746 ’
153 1731 316 1807 Solvator
328 1757 438 1805 mauu
449 1731 586 1832 tetigit,
600 1745 639 1805 et
653 1729 844 1806 confestim
856 1730 1064 1820 mundavit,
1084 1733 1219 1830 ipsum-

153 1874 225 1949 que
252 1873 290 1924 se
319 1845 561 1923 sacerdotibus
586 1847 774 1923 ostendere
801 1874 885 1923 cum
912 1848 1016 1949 legali
1043 1849 1218 1925 sacrificio

153 1964 341 2063 praecepit.
369 1961 451 2056 Quo
476 1965 577 2063 jussu
605 1962 866 2038 confessionem
894 1978 931 2037 et
962 1963 1220 2062 poenitentiam

153 2097 385 2181 peccatorum
402 2081 596 2156 insinuavit
613 2082 684 2180 (3).

203 2195 452 2297 capharnaum
469 2196 578 2274 fidem
595 2196 817 2271 centurionis
831 2195 1061 2296 approbavit,
1082 2211 1120 2271 et
1134 2221 1223 2295 pue·

156 2340 239 2389 rum
256 2316 350 2413 ejus,
374 2332 444 2413 pro
459 2338 534 2416 quo
551 2312 761 2414 suppliciter
782 2315 923 2414 rogavit
932 2368 944 2403 ,
966 2317 1145 2414 jacentem
1162 2341 1224 2414 pa·

156 2431 350 2533 ralyticum
366 2448 404 2507 et
418 2432 510 2506 male
528 2447 689 2520 tortum,
707 2429 819 2508 verbo
833 2433 970 2506 sanavit
985 2434 1076 2532 (4),¹

205 2547 385 2638 sabbato,
408 2550 496 2629 dunt
523 2549 669 2625 doceret
692 2549 730 2624 in
756 2576 935 2652 synagoga
947 2603 959 2640 ,
986 2551 1131 2625 daemon
1158 2576 1224 2651 per

157 2665 345 2742 homiuem
360 2665 571 2740 exclamavit
591 2695 600 2738 ε
630 2665 735 2765 Quid
748 2666 853 2740 nobis
871 2684 905 2740 et
922 2667 1007 2756 tibi,
1026 2669 1116 2740 desc
1134 2668 1224 2744 Nm

157 2778 315 2855 werre?
326 2780 474 2856 Venisti
477 2780 633 2882 perdere
642 2780 739 2855 nos?
749 2781 836 2854 Scio
849 2798 901 2872 te,
915 2783 1005 2882 quia
1013 2784 1065 2854 sis
1075 2799 1224 2857 sanctus

158 2895 245 2970 Dei.
260 2895 311 2970 Et
323 2896 563 2970 comminatus
576 2910 630 2968 est
641 2895 673 2970 ei
688 2895 801 2984 Jesus,
819 2895 941 2970 dicens
960 2927 970 2968 s
992 2895 1221 2989 Obmutesce,

76 3094 81 3100 ,
159 3028 194 3086 et
210 3015 277 3088 cai
288 3012 337 3087 da
352 3012 509 3088 bonone.
533 3011 748 3112 Discerpens
768 3037 853 3085 eum
872 3011 1019 3112 spiritus
1041 3037 1221 3112 nequam,

160 3121 319 3231 egressum
339 3144 412 3220 θεῖς
431 3144 468 3209 et
491 3126 622 3220 bomo,
647 3129 787 3205 cunctis
809 3131 872 3231 qui
889 3129 1037 3204 aderant
1059 3131 1224 3206 miranti·

159 3245 251 3336 butt,
268 3260 410 3327 sanatus
426 3258 480 3320 est
493 3243 565 3343 (5).

189 3361 299 3440 ‘Mox
311 3362 357 3438 de
371 3386 550 3464 synagoga
566 3361 696 3452 exivit,
720 3362 758 3435 iu
775 3360 926 3436 domum
941 3360 1097 3434 Simonis
1114 3361 1225 3435 intra·

161 3480 235 3570 vit,
261 3504 406 3553 socrum
430 3480 503 3578 ejus
528 3475 796 3551 febricitantem
821 3474 931 3564 vidit,
959 3491 995 3551 et
1018 3492 1164 3577 rogatus
1179 3475 1225 3550 alt

162 3595 286 3670 amicis
296 3597 370 3695 ejus
385 3618 535 3668 manum
548 3593 679 3693 tetigit.
695 3593 864 3669 Protinus
876 3591 995 3693 fugata
1010 3591 1134 3684 febre,
1148 3621 1226 3668 mu-

109 3748 111 3750 ·
162 3711 231 3788 lier
245 3735 328 3784 sana
343 3709 520 3800 surrexit,
536 3722 574 3784 et
589 3708 727 3783 coelesti
744 3706 884 3784 medico
899 3722 1083 3809 gratanter
1099 3709 1226 3784 minis·

198 3961 238 4030 (ι)
262 3956 362 4014 matth.
387 3976 417 4026 v,
445 3957 528 4026 ¹48,
549 3975 597 4025 vr,
624 3956 704 4026 1-345
726 3976 784 4028 vu,
812 3976 893 4035 ¹⁸²7?
916 3959 982 4015 Luc.
1008 3976 1053 4028 vr,
1080 3959 1169 4034 18-49.
1189 3990 1225 4002 ·-

162 4050 203 4121 (a)
216 4047 316 4104 listtlr.
325 4064 376 4116 vu,
389 4045 433 4115 as,
445 4062 493 4122 ²9³
507 4047 592 4103 Marc.
604 4064 627 4116 1,
637 4063 671 4102 aa
681 4070 689 4116 ;
699 4048 766 4103 Luc.
781 4065 819 4117 ιν,
829 4045 872 4103 31.
881 4079 914 4090 -
926 4045 965 4120 (3)
976 4047 1076 4103 bletth.
1090 4065 1150 4117 vui,
1164 4052 1224 4115 ¹·l;

164 4140 251 4195 blare.
261 4158 283 4207 1,
294 4136 394 4207 &45³
404 4139 469 4193 Luc.
479 4155 507 4206 s,
524 4141 657 4206 12-14-
667 4139 706 4210 (l)
718 4137 818 4196 Mutet.
834 4154 899 4209 vrrs,
911 4136 995 4206 5-15;
1009 4139 1133 4207 busan,
1150 4157 1224 4221 ¹'¹⁰·.

165 4226 253 4301 -'(5)
264 4227 350 4286 nm·
369 4224 751 4303 1,²3‘28;l.nc.tv,33-37.
1089 4229 1096 4239 .
