2894 4958
520 409 638 472 LIBER
658 407 868 472 SECUNDUS.
1168 410 1229 473 309

166 557 237 633 que
251 528 359 604 ambo
374 529 419 604 de
436 529 559 604 fructu
576 548 776 607 memorato
795 543 1013 634 gustassent,
1032 515 1156 605 subita*
1168 557 1230 606 so-

166 648 282 759 porati
297 674 412 722 unum
422 650 604 723 somnium
614 631 795 723 viderunt
812 649 903 723 Nam
915 648 1014 750 quasi
1027 674 1090 722 rex
1102 656 1231 749 potens

166 781 363 867 gemmatus
385 765 444 866 (a)
471 763 681 857 ridebatur,
709 782 746 840 et
770 767 809 841 in
836 765 956 839 medio
980 790 1108 840 eorum
1131 777 1232 840 ‘stans

166 897 340 985 utrosque
356 881 652 984 amplectebatur,
671 884 793 959 dicens
809 914 818 956 τ
837 882 1043 985 Apostolus
1056 910 1157 987 meus
1173 882 1234 957 be-

166 1001 311 1075 nedixit
320 1027 389 1075 uos
399 1001 476 1100 (a),
492 1018 532 1074 ut
542 1019 687 1074 aeternae
702 998 1231 1103 oitoepartiospes'ffoiamini.

166 1116 386 1217 Evigilant'es
414 1130 556 1207 autem,
582 1143 667 1191 cum
688 1133 819 1191 mutuo
843 1115 911 1190 sibi
937 1132 1127 1191 narrarent
1152 1143 1235 1218 quse

166 1233 356 1324 vidissent,
374 1236 466 1309 ¹ecee
491 1232 648 1309 Thomas
675 1233 841 1335 apparuit
863 1233 936 1322 eis,
965 1231 1087 1306 dicens
1114 1264 1124 1306 z
1151 1234 1235 1306 Rea·

166 1377 287 1441 meus,
305 1354 372 1451 qui
384 1351 495 1426 modo
510 1351 616 1425 vobis
634 1351 774 1424 loeutus
791 1366 843 1424 est
859 1351 899 1422 in
908 1351 1070 1438 visione,
1087 1351 1166 1450 ipse
1180 1377 1238 1423 me

166 1467 291 1568 ianuis
313 1468 452 1543 clausis
477 1467 701 1558 introduxit,
732 1482 772 1540 ut
795 1466 998 1540 benedictio
1024 1492 1106 1540 mea
1131 1493 1240 1570 super

166 1610 234 1659 uos
248 1579 464 1685 fructificet.
490 1583 647 1657 Habetis
668 1584 763 1656 enim
786 1585 1048 1681 integritatem,
1074 1606 1160 1682 qaae
1187 1599 1239 1656 est

166 1699 330 1774 omnium
343 1700 474 1798 regina
489 1700 664 1771 virtutum
682 1713 716 1770 et
718 1695 872 1794 fruetus
893 1696 1024 1770 salutis
1031 1713 1236 1799 perpetuae.

167 1816 379 1917 Wrginitas
394 1842 499 1890 soror
512 1833 565 1890 est
588 1815 803 1916 angelorum
824 1832 858 1887 et
880 1815 1042 1887 omnium
1053 1817 1239 1914 possessio

166 1933 355 2007 bonoram.
388 1934 596 2034 Virginitas
620 1934 777 2006 uictoria
806 1931 1020 2022 libidinum,
1040 1931 1141 2032 fidei
1168 1948 1238 2005 tro·

166 2049 334 2153 plicam,
359 2049 563 2152 triumphus
589 2049 638 2122 de
657 2049 817 2121 inimicis
841 2063 877 2120 et
895 2062 1042 2120 setemoe
1064 2051 1239 2121 securitas

166 2168 313 2267 quietis.
341 2166 441 2240 Nam
468 2166 516 2239 de
542 2167 772 2268 corruptione
799 2165 969 2238 nascitur
987 2161 1161 2265 pollutio,
1194 2164 1241 2237 de

166 2282 365 2384 pollutione
380 2299 502 2356 reatus
510 2340 523 2373 ,
541 2282 709 2356 densata
726 2282 909 2379 confusio.

213 2401 379 2502 Cumque
397 2399 555 2475 Thomas
578 2400 657 2475 hac
676 2413 713 2475 et
736 2400 851 2474 multa
871 2396 1003 2474 alinde
1024 2399 1241 2500 virginitatis

166 2516 274 2591 laude
291 2530 328 2592 et
344 2514 505 2589 libidinis
527 2514 694 2590 foeditate
710 2514 951 2605 disseruisset,
975 2515 1163 2616 multaque
1180 2515 1241 2586 in-

166 2661 341 2737 congrua,
353 2661 436 2737 quoe
448 2634 494 2708 de
503 2634 636 2708 carnali
650 2633 910 2709 commixtione
921 2633 1103 2734 plerisque
1113 2634 1240 2708 oriun-

166 2768 244 2842 tur,
264 2752 466 2842 retulisset3
483 2751 677 2853 Dionysius
700 2767 738 2826 et
757 2751 896 2853 Pelagia
913 2764 1097 2851 gratanter
1117 2751 1240 2823 omnia

166 2894 251 2970 quas
267 2865 493 2942 docebantur
503 2865 549 2940 ab
563 2867 727 2968 apostolo
739 2867 953 2957 audierunt,
967 2868 1088 2968 eisque
1105 2865 1238 2940 ibidem

166 2984 242 3060 dno
262 2983 379 3088 angeli
403 3001 648 3086 apparuerunt
672 3015 681 3056 ι
703 2985 810 3074 Nos,
829 2985 1021 3086 inquiant,
1039 2985 1169 3085 angeli
1181 3012 1240 3059 su·

166 3128 271 3194 mus,
296 3105 363 3202 qui
380 3103 485 3176 uobis
507 3129 533 3175 a
553 3102 633 3174 Deo
649 3102 732 3174 dati
754 3128 879 3174 sumus
898 3127 969 3203 pra
992 3101 1241 3176 benedictione
1358 3174 1360 3179 ,

166 3217 330 3319 apostoli
337 3218 435 3318 ejus;
448 3216 584 3290 utdum
597 3216 842 3291 custodieritis
854 3217 992 3290 naonita
1008 3218 1102 3318 ejus,
1116 3242 1239 3290 omnes

166 3334 331 3410 Domino
341 3337 537 3437 petitiones
556 3351 694 3409 vestras
711 3335 922 3434 offeramus.

214 3452 282 3525 His
298 3451 448 3552 aliisque
464 3453 534 3552 piis
548 3453 698 3526 monitis
711 3477 864 3551 sponsus
875 3466 913 3526 et
924 3478 1053 3552 sponsa
1070 3452 1240 3525 instructi

166 3583 274 3657 sunt,
296 3583 333 3642 et
349 3569 520 3667 prostrati
538 3567 583 3641 ad
598 3567 705 3669 pedes
720 3568 894 3668 apostoli,
917 3566 1088 3641 dixerunt
1111 3598 1119 3639 :
1143 3569 1238 3641 Con-

166 3679 277 3753 lirma
291 3704 359 3753 nos
375 3681 415 3752 in
430 3683 532 3753 omni
547 3682 720 3768 ueritate,
744 3695 783 3751 ut
798 3677 893 3751 nihil
909 3677 1011 3751 nobis
1027 3677 1240 3754 descientia

199 3964 243 4034 (a)
260 3961 500 4036 Resplendissant‚
516 3977 629 4024 convert
641 3966 676 4022 de
690 3967 795 4040 pierres
806 3967 970 4039 precisuses.

201 4055 242 4127 (Ἰ)
260 4054 337 4113 Lim
351 4079 358 4110 .·
372 4057 463 4113 voltis.
