2894 4958
565 455 682 517 LIBER
702 455 859 521 PRIMUS.
1207 469 1247 530 35

180 582 295 680 perit,
321 576 389 651 sed
412 578 477 676 qui
494 596 686 679 pemeunet
713 582 752 652 in
780 582 896 654 uitam
920 598 1113 674 utentum,
1141 612 1247 687 quem

187 695 310 767 Filius
323 692 474 765 bondnis
486 691 590 766 uobis
607 693 733 781 dubit,·
744 694 839 768 bunc
849 697 946 769 euim
961 699 1078 773 Pater
1090 703 1248 801 sz'grzuvit

185 811 301 883 Deus.
331 809 475 883 Haeret
499 809 601 908 plura
625 808 680 883 his
707 810 834 884 similia
858 810 903 887 de
927 839 1019 913 pane
1048 819 1186 894 coelesti
1211 839 1248 895 et

186 926 260 998 rita
285 940 420 998 eterna
445 922 570 998 docuit
596 925 632 997 in
661 950 840 1027 synagoga
866 926 1135 1028 capharnaum
1165 960 1248 1035 quae

184 1041 300 1116 Judoei
338 1067 414 1116 non
453 1040 711 1116 intellexerunt
744 1041 915 1120 habentes
953 1073 1017 1120 cor
1050 1049 1244 1150 lapideum.

185 1160 369 1234 Direrunt
382 1182 470 1257 ergo
493 1186 502 1228 z
522 1157 647 1232 Duatas
670 1160 803 1232 estleia
823 1186 952 1235 senno.
971 1163 1094 1238 Plures
1113 1167 1250 1242 malitis

184 1276 351 1350 exeaeeati
379 1289 718 1363 murmuraverunt,
741 1290 778 1347 et
800 1274 1024 1351 scandalizati
1046 1278 1091 1351 ab
1111 1282 1174 1355 illo
1190 1309 1250 1357 re-

186 1405 381 1466 oesserunt.
399 1390 501 1463 Dixit
519 1414 606 1490 ergo
625 1390 725 1463 lesus
739 1390 784 1462 ad
802 1414 854 1464 xn
882 1423 890 1464 :
915 1392 1110 1494 Numquid
1131 1414 1166 1469 et
1181 1424 1249 1472 uos

184 1508 298 1581 uades
314 1505 442 1580 abire?
456 1504 651 1606 Respondit
667 1505 794 1582 Simon
810 1513 935 1583 Petrus
961 1540 970 1581 ε
992 1513 1171 1604 Domine,
1197 1517 1251 1588 ud

185 1649 292 1724 quem
321 1620 485 1696 ibimus?
519 1621 632 1695 uerbo
656 1624 743 1695 uitae
770 1640 916 1697 autema·
943 1624 1067 1700 babo.
1100 1630 1152 1700 Et
1182 1657 1250 1704 nos

186 1739 367 1813 credimus
388 1756 423 1810 et
448 1738 678 1837 eognovimus
711 1740 800 1836 quia
829 1755 868 1810 tu
891 1767 929 1812 es
957 1739 1121 1815 clunem
1139 1743 1248 1843 filius

185 1857 261 1930 Dei
338 1910 346 1929 .

234 1856 417 2048 Pladhaec
432 1966 636 2042 ambulabat
650 1968 750 2043 Jesus
768 1970 806 2043 in
827 1967 1034 2060 Galilaeam3
1054 1998 1132 2048 non
1154 1977 1252 2049 enim

184 2088 330 2165 volebat
351 2088 389 2161 in
414 2085 575 2160 Judaeam
591 2086 665 2175 ire,
694 2087 778 2187 quia
801 2087 915 2160 Judaei
933 2088 1144 2189 quaerebant
1168 2119 1252 2167 eum

185 2203 402 2280 interficere.
429 2202 535 2276 'l'uno
546 2253 558 2290 ,
577 2216 620 2274 ut
636 2201 821 2302 symmista
842 2202 998 2279 Joannes
1019 2203 1154 2297 refert,
1183 2233 1269 2299 eo·-

183 2323 283 2423 gnati
311 2323 406 2420 ejus,
425 2320 488 2420 qui
512 2317 675 2418 pruritu
695 2317 840 2416 judaico
858 2318 987 2394 fratres
1014 2321 1250 2415 vocabantur,

185 2438 304 2537 ipsum
324 2435 369 2509 ad
396 2432 668 2535 scenophegiam
694 2432 960 2528 invitaverunt,
977 2449 1019 2509 ut
1036 2437 1152 2537 palam
1177 2466 1250 2515 sese

185 2551 391 2628 ostenderet
418 2550 570 2624 mundo.
602 2548 676 2623 lllis
707 2549 1006 2642 ascendentibus,
1034 2554 1096 2654 qui
1124 2552 1251 2629 mundi

181 2665 397 2771 quaerebant
411 2666 585 2766 gloriam,
608 2665 684 2766 ipse
703 2666 835 2739 mansit
851 2667 890 2739 in
906 2667 1068 2742 Galilaea.
1088 2670 1158 2744 Sed
1174 2674 1251 2770 jam

183 2785 242 2860 die
264 2783 358 2859 festo
378 2783 576 2876 mediante,
596 2781 768 2857 aseendit.
789 2785 831 2857 ln
850 2785 1007 2884 templo,
1032 2787 1249 2864 mirantibus

184 2900 325 2973 cunctis
354 2898 398 2973 de
423 2898 588 2974 doctrina
616 2901 712 2997 ejus,
740 2896 877 2972 docuit.
905 2898 1073 2974 Pharisaei
1105 2901 1250 2975 turbam

183 3014 456 3090 dissentientem
473 3014 518 3088 de
534 3012 599 3089 illo
614 3012 824 3104 audierunt,
844 3029 881 3088 et
903 3015 1090 3092 ministros
1106 3032 1149 3090 ut
1164 3044 1248 3092 eum

182 3128 493 3231 apprehenderent
518 3129 708 3203 miserunt.
741 3129 810 3204 Sed
835 3157 944 3208 nemo
976 3132 1014 3206 in
1040 3159 1124 3208 eum
1147 3135 1248 3207 misit

182 3271 309 3321 manus
318 3298 330 3336 ,
347 3246 431 3346 quia
445 3242 609 3319 noudum
622 3259 770 3319 venerat
785 3244 874 3320 hora
888 3252 964 3344 ejus
981 3246 1053 3346 (a).
1068 3249 1110 3320 ln
1128 3248 1247 3323 novis·

182 3364 275 3438 simu
291 3361 406 3437 indie
422 3354 554 3464 magno
568 3356 791 3455 festiritatis,
808 3363 925 3444 stabat
944 3365 1044 3438 lesus
1059 3381 1096 3439 et
1112 3365 1246 3439 clama-

182 3479 265 3572 bat,
283 3481 405 3555 diceus
421 3509 430 3552 z
446 3479 584 3580 Siquis
596 3481 691 3570 sitit,
707 3482 831 3554 ueniat
845 3481 899 3553 ud
913 3507 971 3553 me
987 3498 1022 3553 et
1037 3480 1149 3556 bibat.
1169 3483 1247 3584 Qui

183 3598 298 3672 caedit
309 3600 348 3672 in
360 3623 431 3689 me,
445 3599 540 3672 sieut
555 3597 647 3670 dicit
661 3596 1045 3699 Scnpturu,flwuina
1057 3600 1105 3674 de
1119 3618 1245 3675 uentre

183 3716 394 3818 ejusfluent
411 3740 518 3817 aquae
535 3718 644 3790 uisu.
672 3714 752 3788 Hou
773 3713 866 3788 dixit
888 3715 933 3789 de
955 3716 1112 3816 Spiritu,
1136 3744 1245 3817 quem

182 3835 365 3933 aceepturi
381 3849 484 3908 etant
502 3831 684 3908 credentes
695 3831 735 3903 in
748 3856 844 3905 essm.
864 3829 1037 3907 Nondum
1053 3833 1152 3907 enim
1168 3849 1244 3908 erat

182 3949 340 4050 Spiritus
362 3948 484 4036 datus,
508 3948 592 4049 quia
616 3948 717 4028 Jesus
739 3947 902 4022 noudum
925 3946 1043 4024 luerat
1063 3948 1245 4050 glorifica·

217 4216 365 4289 (1)Joaun.
378 4234 421 4288 vi,
436 4234 486 4285 ²23
500 4234 553 4286 ru,
570 4237 593 4273 1.
608 4219 693 4289 -lal
704 4218 802 4274 losuu.
818 4233 871 4289 vri,
887 4215 964 4274 2-50.
1049 4269 1055 4289 ,
