2894 4958
187 382 229 445 9⁴
463 374 649 441 HISTORIA
670 376 977 440 ECChssthTlCh.

190 517 361 601 tanquam
373 497 486 597 pisces
496 496 541 571 de
558 497 684 598 pelago
700 496 826 571 solitus
838 495 958 570 fuerat
968 494 1156 571 extrahere
1170 492 1251 573 retis

188 615 409 713 mipisteri03
427 616 479 687 sic
498 632 660 689 errantes
679 614 724 688 de
738 615 952 714 ignorantiae
972 629 1084 713 puteo
1098 615 1146 688 ad
1163 641 1252 691 verre

188 735 271 810 fidei
284 734 500 809 soliditatem
512 735 688 833 pertraxit
702 749 835 806 sanctae
848 731 1113 832 praedicationis
1123 734 1251 808 officio.

188 852 293 927 Unde
309 878 567 927 conversorum
585 851 662 950 ipso
679 850 737 925 die
756 852 826 924 tria
847 850 961 923 millia
979 848 1197 951 baptizavit,
1220 868 1255 926 et

187 985 402 1043 vetustatem
418 968 570 1041 carnalis
591 969 677 1042 vitre
696 968 944 1069 relinquentes
967 970 1006 1041 in
1030 994 1170 1042 novum
1188 969 1255 1044 ho-

188 1086 325 1160 minem
345 1084 562 1182 renovavit(
587 1083 619 1180 ).

237 1200 362 1274 xxll.
388 1202 500 1287 Ecce,
518 1201 668 1296 juvante
691 1196 789 1287 Deo,
813 1197 1026 1297 simpliciter
1046 1214 1254 1298 prosecutus

188 1343 270 1389 sum
299 1315 612 1389 continuationem
640 1313 833 1415 quamdam
859 1341 880 1385 a
909 1315 1098 1389 nativitate
1122 1316 1255 1389 Christi

188 1457 303 1532 usque
317 1430 363 1504 ad
375 1430 570 1504 adventum
583 1430 739 1529 Spiritus
752 1429 941 1519 Paracliti,
965 1445 1003 1503 et
1023 1430 1166 1531 singula
1182 1424 1256 1504 ssl-

188 1547 323 1620 vatoris
339 1545 510 1618 miracula
523 1573 568 1620 ex
579 1545 791 1644 evangelicis
806 1544 991 1618 codicibus
1005 1547 1168 1620 seriatim
1182 1546 1256 1621 bne·

188 1666 353 1766 vitesque
369 1665 548 1764 congessi,
566 1678 677 1761 prout
690 1664 766 1762 ipse
779 1662 977 1737 secundum
993 1664 1256 1738 intellectulum

188 1810 311 1858 meum
342 1783 509 1883 indagare
538 1782 665 1881 potui,
699 1781 773 1854 sive
802 1780 960 1885 dicacem
989 1781 1254 1881 Augustinum,

186 1900 347 2001 aliosque
360 1899 530 1973 doctores
546 1912 700 1972 sectatus
713 1896 873 1969 caraxavi
887 1897 959 1994 (a).
979 1898 1022 1969 ln
1038 1895 1109 1970 hoc
1129 1921 1258 1998 nempe

186 2018 361 2092 sedimine
378 2014 468 2088 mihi
484 2016 645 2114 meisque
660 2012 839 2085 similibus
855 2011 1023 2113 prodesse
1041 2015 1167 2086 curavi
1183 2045 1194 2087 ε
1210 2013 1257 2089 eit

186 2136 337 2227 scilicet,
347 2135 411 2233 qui
422 2131 602 2232 prosuuda
608 2130 805 2205 doctorum
814 2131 1026 2231 prolixaque
1036 2131 1259 2206 rimarifasti·

185 2250 307 2337 diunt,
318 2247 485 2322 conferre
496 2245 621 2319 volens
631 2245 767 2346 aliquid
778 2245 1035 2333 emolumenti3
1049 2245 1141 2319 dum
1149 2246 1257 2322 domi·

187 2366 268 2438 nica
284 2363 456 2436 miracula
472 2388 540 2462 per
552 2378 709 2462 quatuor
725 2361 839 2436 libros
849 2362 977 2435 diffusa
989 2363 1255 2464 compaginavi,

187 2497 225 2555 et
241 2482 280 2553 iu
293 2480 394 2554 brevi
416 2495 517 2553 tomo
530 2481 744 2552 examussim
757 2480 909 2554 collecta
919 2482 1106 2554 annotavi.
1121 2483 1255 2567 Pone,

187 2625 455 2699 nonnunquam
474 2597 598 2672 eadem
612 2597 742 2687 verba,
762 2626 845 2699 quaa
862 2599 900 2673 in
921 2597 1026 2672 libris
1043 2599 1258 2674 authenticis

187 2715 369 2803 videbam,
379 2714 503 2788 avidus
517 2712 633 2802 hausi;
643 2715 954 2816 plerumquevero
961 2714 1149 2791 brevitatis
1159 2740 1258 2790 cauta

186 2832 363 2905 dictatum
378 2832 536 2923 mutavi,
554 2830 616 2905 sed
634 2832 806 2904 invictam
822 2834 1011 2907 veritatem
1027 2833 1167 2933 ubique
1182 2858 1258 2908 seo-

188 2951 256 3023 tari
281 2975 511 3048 summopere
532 2946 710 3033 laborari,
727 2975 796 3024 nec
811 2947 857 3020 ab
876 2949 1082 3023 authentica
1099 2974 1260 3052 unquam

187 3081 318 3167 sponte
332 3065 511 3140 sententia
529 3063 743 3138 exorbitavi.

235 3183 356 3269 Nunc,
366 3181 452 3280 quia
459 3194 595 3253 certam
605 3181 777 3279 proposui
787 3178 1112 3280 chronographiam
1121 3182 1259 3281 scripto

186 3297 388 3398 protelare,
415 3311 458 3367 ut
478 3295 604 3371 lectori
625 3296 755 3368 clarius
775 3312 895 3396 pateat
914 3298 1007 3371 ordo
1029 3312 1257 3398 temporum,

188 3414 353 3514 quedam
362 3413 453 3487 libet
463 3413 634 3500 inserere,
646 3439 730 3513 quae
741 3414 880 3513 antiqui
892 3429 1011 3512 patres
1023 3414 1062 3487 in
1075 3415 1260 3514 opusculis

188 3533 262 3603 suis
275 3532 468 3607 edideram
478 3530 525 3606 de
541 3531 664 3606 eadem
680 3559 734 3606 re.
753 3531 930 3605 Eusebius
945 3534 1044 3606 enim
1061 3534 1260 3609 Cetarien·

223 3795 341 3864 (auct.
352 3805 443 3867 apatt.
458 3812 499 3859 n,
516 3799 591 3861 ¹⁸⁴¹-

221 3885 266 3957 (π)
280 3886 359 3941 aiae
371 3903 428 3961 quc
439 3897 519 3941 notre
535 3897 636 3941 auteur
646 3884 681 3939 l‘a
692 3884 801 3940 declare'
811 3885 965 3949 eidam,
985 3888 1052 3942 c'ett
1064 3887 1259 3961 partientes-

188 3982 267 4027 ·cat
278 3971 383 4030 dantle
395 3974 478 4029 taaite'
488 3973 606 4029 desaiut
618 3974 758 4046 Angustia
769 3997 775 4024 ε
787 3974 831 4027 Dr
845 3994 982 4030 consensa
992 3977 1259 4050 Etugela'stam,

186 4057 368 4135 qailapaise'
380 4059 419 4117 les
431 4060 1260 4133 maffiamdemeexpoeieondeaviedeterascmist

212 4146 731 4227 ambe-granumde
742 4151 915 4224 precedente.
