2916 4958
574 389 693 455 LIBER
712 391 870 455 PRIMUS.
1199 394 1258 461 145

188 515 369 614 provenit
379 511 510 607 militia
522 513 735 587 Ravennatis
751 511 871 603 urbia,
888 514 1161 615 vicinarumque
1176 541 1258 617 par·

188 631 304 716 tium,
318 632 414 730 jussa
429 629 603 731 principis
619 628 790 719 nefanda,
814 643 851 703 et
866 627 1030 702 eumdem
1050 628 1255 707 Zachariam

190 743 423 821 contumeliis
436 758 473 818 et
485 742 627 843 injuriis
639 743 686 816 ab
700 741 791 818 urbe
807 744 921 818 Roma
934 743 1068 843 repulit
1086 746 1103 843 (
1126 746 1156 845 ).

241 868 384 961 Quarto
395 884 493 933 auno
504 858 761 948 Juatiniani,in
774 861 924 933 Francia
936 860 1109 960 Pippinus
1120 864 1258 962 primus

192 977 462 1079 majordomus
483 978 592 1077 regiae
619 978 783 1052 efficitur.
806 977 949 1079 Sergius
969 1005 1059 1080 papa
1079 978 1261 1056 ordinavit

193 1092 438 1170 venerabilem
460 1093 580 1167 virum
598 1090 896 1168 Guillebrordum
917 1113 1160 1195 cognomento
1183 1097 1261 1172 Cle·

194 1228 358 1287 mentem
387 1209 601 1284 fresionum
635 1209 735 1310 genti
767 1210 994 1311 episcopum3
1025 1211 1087 1311 qui
1115 1213 1262 1287 natione

196 1326 371 1429 Anglicns
383 1326 428 1401 de
443 1325 627 1415 Britannia
644 1327 892 1426 peregrinatus
907 1341 979 1413 est,
1004 1343 1040 1401 et
1061 1328 1157 1403 inter
1177 1328 1265 1402 bar-

197 1442 306 1521 baros
319 1444 508 1517 innumera
519 1440 682 1545 quotidie
693 1439 839 1517 diabolo
853 1442 1089 1533 detrimenta,
1104 1459 1141 1518 et
1157 1443 1266 1518 chris·

197 1560 307 1635 tianoe
331 1558 414 1634 fidei
445 1557 532 1633 facit
562 1574 766 1659 augmenta.
795 1558 1017 1632 Justinianua
1044 1558 1094 1635 oh
1124 1560 1267 1661 culpam

196 1674 360 1779 perfidioe
372 1676 474 1777 regni
487 1675 600 1778 gloria
614 1670 789 1775 priiatus,
802 1675 885 1749 exul
899 1675 938 1747 in
949 1677 1109 1750 Pontum
1116 1679 1265 1767 secedit,

199 1792 484 1895 eumqueCyrus
499 1789 608 1866 abbas
625 1790 748 1891 aluit(
771 1792 801 1890 ).

156 1932 159 1937 ·
250 1912 325 1985 leo
342 1910 446 1985 annia
467 1935 523 1983 ιιι.
547 1909 639 2010 Papa
656 1908 798 2009 Sergius
821 1910 859 1981 in
879 1909 1035 1984 sacrario
1053 1909 1148 1985 beati
1170 1913 1267 1986 Petri

200 2029 354 2131 apostoli
381 2054 521 2128 capsam
536 2042 761 2128 argenteum,
788 2052 872 2127 quae
889 2027 928 2099 in
944 2028 1077 2129 angulo
1095 2027 1271 2103 obscuris·

201 2149 295 2223 simo
306 2147 370 2220 diu
377 2149 557 2247 jacuerat,
572 2162 610 2220 et
623 2145 662 2221 in
673 2170 717 2219 eo
733 2170 878 2218 crucem
894 2143 1041 2220 diversis
1053 2172 1094 2219 ac
1105 2147 1272 2246 pretiosis

201 2258 381 2364 lapidibus
396 2259 628 2349 adornatam,
647 2259 806 2335 Domino
828 2259 1027 2348 revelante,
1045 2262 1195 2360 reperit.
1216 2263 1271 2337 De

201 2402 273 2479 qua
294 2375 416 2450 tractis
439 2390 596 2477 qiutuor
617 2373 777 2475 petallis,
796 2369 929 2475 quibus
952 2400 1103 2476 gemmae
1123 2376 1270 2450 inclusa

202 2509 307 2567 erant
331 2491 434 2564 mirae
459 2487 736 2591 magnitudinis,
757 2486 967 2588 portionem
982 2488 1072 2591 ligni
1095 2488 1270 2566 salutiferi

202 2606 397 2681 dominica
413 2605 529 2678 crucis
546 2603 698 2678 interius
714 2604 909 2703 repositam
928 2605 1096 2704 inspexit.
1115 2605 1205 2700 Quae
1226 2633 1272 2681 ex

203 2740 368 2827 tempore
380 2723 444 2799 illo
457 2722 561 2796 annis
572 2718 743 2798 omnibus
753 2721 791 2795 in
803 2719 947 2794 basilica
959 2721 1172 2815 Salvatoris,
1187 2750 1271 2825 quae

236 2995 278 3066 (ι)
293 2990 529 3067 (ott-septembre
546 2987 621 3066 695).
640 2990 678 3045 La
690 2989 754 3063 pair
769 2988 872 3045 asecle
884 2988 964 3045 ealise
978 2989 1162 3046 Abdolmaiek
1177 3002 1220 3048 eat
1236 2992 1272 3049 de

202 3080 266 3140 Μ
278 3082 319 3140 Ge
327 3080 371 3137 tut
382 3099 418 3137 eu
427 3078 480 3155 692
489 3097 544 3155 que
557 3078 583 3134 le
593 3096 664 3153 pape
677 3078 790 3152 Sergius
802 3077 893 3133 refusa
904 3078 939 3133 de
951 3080 1087 3135 souacrire
1097 3079 1137 3135 lea
1149 3090 1223 3136 actes
1231 3080 1270 3136 du

204 3172 311 3229 concile
322 3174 351 3227 in
364 3170 448 3226 millo
463 3169 499 3224 de
509 3167 618 3224 l’aunee
630 3167 804 3243 precedente.
818 3169 856 3222 La
869 3168 983 3224 misrion
1002 3168 1037 3224 de
1050 3170 1185 3226 zacharie
1200 3188 1272 3245 pour

205 3260 330 3317 Par-riter
346 3271 395 3315 cut
406 3258 464 3314 lieu
474 3275 510 3312 en
520 3255 583 3331 694.
603 3255 749 3331 L'Asrique
767 3273 803 3311 ne
815 3255 860 3311 sut
872 3257 977 3331 reprise
990 3276 1038 3313 sur
1049 3258 1089 3314 les
1101 3258 1273 3316 Musulmano

204 3351 289 3426 qu'en
300 3348 367 3426 ⁶922
381 3358 412 3403 et
423 3346 457 3402 ils
469 3365 486 3419 y
496 3347 657 3402 renuerent
668 3344 888 3401 definitivement
898 3345 946 3401 dea
957 3345 1063 3403 Panne'e
1072 3349 1205 3403 suivante.

237 3443 279 3513 (a)
296 3441 333 3496 La
342 3439 497 3514 quatrieme
508 3439 596 3492 annea
605 3436 641 3492 de
649 3437 665 3492 J
667 3436 788 3491 nauuieu
800 3437 830 3491 11
840 3435 1033 3510 corresponda
1043 3437 1199 3511 septembre
1208 3436 1275 3495 688-

203 3529 359 3606 septembre
371 3527 439 3603 6893
454 3544 496 3596 or,
507 3545 539 3582 oe
550 3525 620 3581 n’ert
632 3526 711 3599 point
723 3527 739 3579 a
749 3535 821 3580 cette
833 3527 956 3599 e'poque‚
975 3527 1044 3580 mais
1056 3528 1072 3580 a
1088 3525 1195 3582 l’annee
1207 3526 1271 3604 687,

203 3618 274 3695 qu'ii
291 3618 352 3676 faut
372 3626 518 3691 rapporter
529 3614 682 3671 l'elevation
702 3612 738 3669 de
756 3613 844 3687 Pepiu
863 3612 1012 3669 d‘flerirtal
1031 3616 1047 3668 a
1064 3613 1090 3669 la
1109 3613 1219 3689 dignito
1235 3616 1270 3673 de

205 3707 294 3763 mairo
308 3706 347 3762 du
366 3704 461 3780 puluis.
479 3704 533 3761 Sur
545 3704 617 3759 saint
630 3700 816 3770 Willibrode,
831 3701 928 3775 aptus
944 3701 980 3758 de
995 3701 1023 3758 la
1036 3702 1129 3771 Friae,
1149 3714 1224 3760 mort
1236 3724 1271 3761 en

207 3793 276 3873 739,
288 3812 371 3870 voye:
383 3795 424 3852 lar
435 3795 510 3850 Acta
523 3793 576 3849 SS.
590 3791 652 3849 ord.
666 3792 696 3848 S.
710 3790 867 3858 Benedicti,
881 3809 946 3846 sac.
962 3808 1002 3847 iu.
1017 3791 1106 3847 Notre
1117 3803 1225 3861 auteur,
1236 3812 1272 3849 en

206 3884 315 3958 pariant
324 3901 361 3938 au
370 3886 482 3956 present
490 3880 526 3937 de
535 3898 577 3935 rea
587 3879 727 3947 miracles,
739 3898 754 3933 a
766 3879 845 3953 copie
854 3896 916 3934 eam
927 3878 1059 3935 reflexion
1069 3896 1101 3936 oe
1108 3881 1192 3954 qn’en
1201 3883 1273 3937 avait

205 3973 249 4031 dit
259 3972 350 4042 nate,
365 3973 414 4047 qui
423 3972 492 4028 emit
499 3989 536 4027 eu
545 3968 609 4026 effet
620 3988 670 4026 aon
684 3969 901 4043 contemponin.
918 3969 1028 4026 L’envoi
1042 3969 1078 4025 de
1091 3970 1231 4027 Justiuien
1244 3972 1273 4026 ΙΙ

205 4059 305 4117 onorii
315 4061 403 4117 cniva
415 4058 642 4116 daml‘automne
654 4057 690 4113 de
702 4055 766 4132 696.
778 4057 803 4113 11
815 4059 860 4114 fut
870 4057 993 4115 recueilli
1003 4057 1108 4116 dauale
1116 4061 1271 4116 monastero

206 4146 363 4217 deChora,
376 4167 428 4222 par
439 4148 545 4221 Cyrus,
560 4146 609 4221 qui
621 4164 658 4202 en
669 4144 827 4202 etritehbt.

283 4266 307 4311 ι.
1084 4260 1126 4308 ιο
1204 4228 1206 4233 ’
