2894 4958
184 403 245 463 268
462 395 648 459 flls'roltts
668 395 972 465 EchFslssths.

184 520 249 593 diu
274 516 485 604 cederetur,
513 542 703 620 quousque
724 517 916 618 expiasset.
945 516 1055 613 Quod
1080 545 1168 593 cum
1195 520 1254 596 ilie

185 633 361 724 audisset,
378 648 417 708 et
436 633 475 705 in
495 659 578 710 enm
595 648 734 707 tremor
753 659 794 707 ac
812 648 929 707 metus
945 633 1185 710 intolerabilis
1203 636 1254 709 ir·

187 753 336 842 ruisset,
365 753 473 827 miser
503 753 551 826 its
576 751 673 854 fugit
702 768 745 824 ut
771 751 923 826 ulterius
949 776 1027 826 non
1055 769 1252 853 appareret.

188 869 349 942 Fet-tura
363 867 578 970 quibusdam
589 868 701 969 quod,
715 868 804 942 dum
816 865 931 942 adhuc
944 867 1085 970 fugiens
1098 885 1253 957 erraret,

187 1011 231 1060 ex
248 984 384 1086 frigore
398 987 515 1061 nimio
531 1001 568 1060 et
584 985 678 1059 fame
693 985 915 1087 diriguisset,
934 1002 971 1063 et
987 1014 1008 1061 a
1028 987 1125 1088 lupis
1145 987 1256 1064 dero-

187 1118 288 1177 ratus
303 1105 426 1204 esset(
451 1104 482 1202 )

211 1290 214 1294 ,
237 1220 332 1294 Eece
347 1245 429 1320 quae
450 1219 598 1319 sparsim
615 1219 660 1293 de
678 1219 827 1294 summis
848 1220 1073 1296 senatoribus
1089 1221 1256 1297 Ecelcie

188 1336 338 1409 rimatus
351 1363 452 1427 snm,
468 1335 622 1436 simplici
634 1336 812 1412 brevitate
823 1338 969 1439 collegi,
985 1338 1078 1414 etde
1092 1337 1257 1439 plurimis

78 1454 80 1458 ⁴
188 1452 436 1528 voluminibus
459 1454 610 1556 insignia
627 1469 725 1556 gesta
742 1457 929 1530 memoriae
950 1470 1185 1555 posterorum
1199 1480 1257 1528 vo-

188 1570 262 1642 raci
279 1572 377 1672 stylo
393 1573 569 1673 congessi.
588 1574 715 1647 Petrus
735 1571 912 1673 siquidem
929 1573 968 1648 in
985 1571 1257 1647 circumcisione

190 1713 241 1763 vn
254 1690 359 1763 annis
378 1689 604 1789 praedicavit,
619 1687 748 1764 deinde
763 1688 859 1788 apud
874 1688 1110 1763 Antiochiam
1128 1713 1183 1762 vir
1199 1716 1259 1764 sn·

188 1807 246 1879 nis
256 1805 359 1881 sedit.
371 1805 447 1880 Sub
460 1806 610 1881 Claudio
623 1808 762 1880 Caesare
773 1821 900 1879 contra
916 1806 1103 1879 Simonem
1117 1832 1257 1907 magum

189 1939 413 2025 pugnaturus
430 1926 583 1999 Romam
600 1924 760 2025 perrexit
766 1935 779 2012 ,'
800 1921 922 2025 ibique
939 1949 1013 1997 xxv
1026 1924 1133 1998 annis
1146 1923 1259 1998 Evan-

189 2040 324 2141 gelium
338 2042 565 2140 predicavit,
582 2056 619 2115 et
633 2039 791 2140 ejusdem
803 2039 904 2112 urbis
918 2040 1177 2139 pontificatum
1189 2041 1259 2141 pri·

191 2184 271 2232 mus
288 2139 419 2233 tenuit.
436 2160 636 2234 Tricesimo
652 2174 774 2231 autem
791 2173 828 2232 et
844 2174 946 2231 sexto
962 2183 1060 2232 anno
1082 2174 1169 2257 post
1186 2185 1259 2258 pss-

192 2275 333 2350 sionem
342 2274 492 2363 Christi,
510 2287 569 2349 111⁰
578 2273 833 2373 halendssjulii
848 2273 1041 2348 crucifixus
1053 2292 1123 2367 est,
1134 2276 1260 2378 viaque

191 2391 335 2466 Aurelia
354 2397 459 2492 juxta
483 2395 655 2493 palatium
673 2393 829 2467 Neronis
853 2394 893 2466 in
909 2392 1086 2469 Vaticano
1103 2393 1259 2493 sepultus

191 2523 245 2582 cst
254 2509 326 2607 (a).
339 2509 477 2582 Eodem
487 2509 545 2583 die
554 2511 697 2614 Papius,
711 2525 901 2609 postquam
911 2510 1124 2584 innumeros
1132 2536 1258 2612 agones

193 2641 301 2726 atquc
317 2625 457 2702 labores
474 2627 663 2726 insigniter
676 2653 796 2727 possus
810 2642 886 2716 est,
902 2628 940 2700 in
956 2628 1012 2699 via
1029 2626 1208 2716 Ostiensi,
1225 2627 1258 2700 in

193 2742 365 2817 milliario
382 2744 558 2830 secundo,
578 2744 615 2815 in
636 2742 752 2816 hortis
768 2743 813 2815 ad
832 2769 941 2844 aquas
957 2743 1090 2818 Salvias
1105 2742 1259 2820 decolls·

195 2873 329 2933 tuaest.
346 2859 391 2931 Hi
406 2859 512 2931 simul
526 2860 651 2931 Romae
665 2861 756 2958 passi
769 2875 855 2932 sunt
868 2857 935 2932 sub
948 2857 1095 2933 Nerone
1109 2861 1257 2946 Coesam,

194 2977 300 3050 Basso
323 2995 359 3050 et
376 2977 498 3050 Tusco
516 2976 743 3062 consulibus;
770 3004 928 3077 quorum
952 2979 1056 3076 prior
1079 2979 1119 3051 in
1143 2981 1258 3052 eadem

193 3093 284 3168 urbe
292 3098 393 3194 juxta
407 3097 502 3167 viam
519 3092 773 3194 triumphalem
789 3096 900 3192 totius
918 3093 1016 3166 urhis
1028 3097 1258 3171 veneratione

195 3208 409 3299 celebratur,
434 3237 584 3311 sequens
605 3237 690 3285 vero
714 3211 749 3282 in
774 3211 829 3281 via
851 3210 1004 3284 Ostiensi
1020 3212 1100 3309 pari
1125 3210 1258 3288 honore

149 3441 153 3447 θ
196 3327 382 3429 habetur(
407 3328 437 3427 ).

229 3638 269 3710 (ι)
287 3639 324 3692 La
341 3638 379 3692 fin
392 3637 427 3692 de
441 3656 472 3695 ca
489 3637 661 3711 paragraphe
679 3647 721 3692 est
736 3637 810 3710 prise
825 3635 894 3691 dans
904 3635 931 3690 ia
942 3634 1060 3692 relation
1075 3634 1260 3710 pseudonyme

193 3728 281 3783 &crite
292 3746 356 3783 sous
364 3726 390 3783 le
399 3746 465 3784 nom
479 3728 514 3783 de
526 3728 599 3783 saint
613 3724 725 3782 Marcel.

229 3819 269 3888 (a)
286 3819 323 3872 le
336 3830 455 3892 martyre
468 3819 503 3874 de
523 3819 595 3873 saint
611 3818 707 3872 Pierre
719 3827 748 3873 et
764 3814 800 3871 de
816 3817 889 3871 saint
906 3814 976 3870 Paul
992 3813 1038 3870 n'a
1054 3815 1138 3887 point
1158 3833 1196 3872 eu
1212 3814 1261 3871 iia

195 3910 263 3964 dans
274 3909 300 3964 ia
308 3911 541 3979 trente-sinistrae,
552 3910 621 3965 nrais
631 3908 699 3964 dans
710 3909 749 3965 les
766 3907 900 3981 premiens
913 3907 984 3962 mois
996 3904 1033 3960 de
1046 3903 1073 3960 la
1087 3915 1259 3980 trente-qna-

195 4001 295 4054 trieme
308 4004 395 4055 annes
408 4004 487 4074 apris
500 4001 524 4055 la
538 4001 659 4055 Pession.

230 4085 269 4158 (3)
287 4087 392 4162 Malgrd
402 4088 440 4143 les
453 4088 599 4144 traditions
612 4085 795 4162 respectables
807 4085 856 4159 qui
869 4085 988 4140 existent
998 4085 1014 4138 a
1024 4093 1069 4138 oet
1081 4082 1185 4157 egui-d,
1199 4097 1262 4138 nous

195 4197 229 4233 ne
243 4195 366 4252 pouvons
382 4178 484 4247 croire,
499 4197 607 4233 comme
618 4195 688 4233 nous
703 4176 805 4232 l’avons
817 4172 880 4246 deii
895 4173 953 4240 dit,
964 4189 1018 4246 que
1036 4171 1110 4228 saint
1121 4172 1219 4230 Pierre
1229 4170 1263 4226 ait
