2894 4958
185 434 247 497 246
461 433 645 497 utstotttt
660 434 972 499 ·ECCLESldSTle.

186 572 224 631 et
238 582 385 657 sperans
400 553 447 628 ab
462 581 508 630 eo
522 558 690 656 pecunias
707 557 893 648 obtinere,
911 555 1127 657 frequenter·
1151 558 1270 657 illum

185 673 362 748 accersiit.
397 672 552 749 Biennio
577 675 741 774 expleto,
765 674 937 775 Porcium
969 675 1116 749 beatum
1153 677 1252 752 Felix

185 815 424 867 successorem
443 793 599 892 accepit3
626 808 663 867 et
681 792 813 867 Judseis
832 793 985 895 gratum
996 810 1171 894 praetere
1188 821 1257 871 vo·

186 908 284 995 leus,
303 907 453 982 Paulum
471 909 509 982 in
522 909 675 983 vinculis
687 909 867 1011 reliquit(
891 911 922 1009 ).

235 1024 320 1099 Non
346 1026 466 1101 multo
493 1041 577 1126 post
595 1027 720 1101 Festus
743 1026 941 1103 Caemresm
973 1025 1192 1120 descendit,
1218 1042 1255 1103 et

188 1142 339 1217 Paulum
354 1165 518 1217 accusare
533 1144 667 1217 ludaeis
682 1144 869 1244 praeoepit.
888 1143 945 1217 llli
960 1169 1049 1219 vero
1069 1143 1253 1219 multaset

186 1285 310 1361 graves
326 1285 446 1333 causas
466 1261 498 1335 ei
514 1258 748 1360 objecerunt,
777 1287 867 1362 quas
896 1258 1053 1360 probate
1079 1285 1160 1350 uon
1186 1285 1254 1360 po-

189 1392 358 1467 tuerunt,
376 1378 488 1452 Paulo
503 1378 684 1453 tutionem
698 1378 872 1457 reddente
891 1408 902 1451 t
929 1378 1121 1479 Quoniam
1139 1403 1254 1482 neque

188 1498 229 1569 in
244 1495 361 1596 legem
377 1496 610 1589 Jadoeomm,
628 1523 747 1598 neque
770 1499 809 1570 in
838 1497 1051 1599 Templum,
1075 1522 1198 1598 neqtte
1216 1498 1253 1573 in

191 1613 376 1686 Casurum
402 1615 602 1714 quicqum
626 1614 795 1716 ρεωανί.
825 1611 987 1687 'landem
1015 1639 1087 1713 pro
1118 1613 1254 1688 imidiis

187 1729 397 1805 Judaeorum
417 1745 456 1805 et
480 1731 775 1832 tergiversatione
788 1727 941 1829 judicis,
967 1729 1030 1829 qui
1056 1731 1110 1803 eis
1135 1728 1255 1807 favere

189 1842 337 1918 molitus
368 1858 441 1935 est,
466 1846 647 1920 Caesorem
674 1844 852 1946 appellare
882 1846 1088 1945 compulsus
1116 1862 1188 1920 est.
1214 1848 1253 1920 ln

190 1962 367 2037 concione
380 1988 504 2038 coram
519 1963 678 2064 Agrippa
699 1989 783 2064 nege
810 1977 849 2036 et
869 1962 976 2036 Festo
991 1961 1146 2061 prmaide
1167 1988 1256 2066 pro-

190 2077 319 2152 ductus
339 2094 416 2171 est,
443 2095 483 2154 et
501 2094 647 2154 extenta
675 2079 1010 2168 meuu,1ntioncm
1036 2077 1194 2155 reddens
1213 2077 1257 2155 de

191 2197 380 2271 vocatione
395 2222 459 2269 sus
475 2211 512 2270 ct
527 2194 598 2270 lide
609 2193 764 2284 Christi,
781 2211 835 2267 sat
849 2194 1064 2297 eloquenter
1080 2211 1260 2271 commta-

195 2325 252 2384 tus
262 2327 327 2386 est.
343 2312 507 2412 Denique
516 2312 639 2386 cuncti
651 2311 881 2411 prudentiam
895 2315 969 2411 ejus
978 2311 1149 2387 admirati
1158 2325 1258 2401 sunt,

193 2441 230 2500 et
245 2428 373 2502 semoti
389 2429 580 2528 optimates
590 2427 635 2503 sd
648 2428 804 2502 invicem
818 2428 989 2503 dixerunt
1000 2459 1011 2502 ε
1024 2429 1137 2505 Nihil
1147 2445 1261 2506 morte

193 2562 258 2618 aut
273 2545 433 2618 uinculis
448 2545 603 2646 dignum
616 2545 805 2646 quidflecit
815 2544 925 2620 bomo
938 2549 1017 2619 iste.
1032 2545 1260 2650 Dimittipo-

195 2679 306 2752 temt,
325 2663 361 2735 si
380 2688 454 2736 non
470 2662 694 2766 appellasset
711 2664 909 2736 Ccesarem.
927 2664 1042 2764 lgitur
1057 2663 1262 2740 lulio-oen-

196 2781 335 2855 turioni
351 2781 511 2856 cohortis
523 2781 695 2881 Auguste
711 2780 862 2854 traditm
878 2796 952 2872 cst,
974 2799 1012 2856 et
1031 2780 1263 2856 Aristarchus

195 2896 342 2972 Macedo
374 2923 457 2972 cum
478 2899 574 2970 Luca
603 2895 794 2971 comitatus
818 2912 885 2970 est.
914 2898 957 2970 ln
981 2923 1073 2971 nave
1102 2921 1261 2972 cccxxvi

194 3013 324 3086 animae
333 3011 483 3086 fuerunt
491 3065 503 3101 ,
517 3027 554 3085 et
568 3027 844 3111 tempestuosam
859 3038 901 3086 ac
910 3010 1012 3087 valde
1022 3004 1263 3112 periculosum

194 3127 458 3228 trevigutioncm
478 3153 543 3226 per
566 3151 631 3201 xtv
659 3125 735 3200 dies
755 3126 1003 3226 pertulerunt,
1030 3125 1168 3231 quibus
1195 3151 1261 3200 uec

194 3247 331 3335 solem,
357 3271 474 3345 neque
497 3243 611 3319 sidem
638 3243 828 3334 viderunt3
856 3270 974 3345 usque
996 3243 1145 3333 cibum,
1172 3242 1259 3346 quia

194 3357 647 3462 omnisspessalutisablate
660 3375 750 3447 erut,
762 3376 1005 3460 sumpserunt.
1016 3360 1150 3435 Paulus
1161 3360 1257 3434 enim

193 3477 350 3554 hiemare
366 3477 405 3551 in
422 3476 526 3549 Creta
545 3490 788 3575 persuaserat,
807 3473 868 3548 sed
884 3474 1077 3551 consilium
1093 3491 1133 3550 et
1149 3500 1258 3550 oons-

192 3613 250 3670 tus
263 3593 516 3696 gubernatoris
529 3608 566 3666 et
578 3592 735 3667 naucleri
748 3593 996 3692 praevaluerat.
1015 3591 1158 3687 Quibus
1176 3617 1257 3667 ceu·

194 3712 294 3785 turio
315 3734 400 3789 cum
423 3707 602 3783 militibus
617 3710 728 3809 magis
746 3710 983 3810 auluicverat.
1003 3710 1168 3810 Praeceps
1190 3711 1258 3782 ita·

194 3853 265 3926 que
291 3827 474 3901 festinatio
506 3824 673 3901 hiemales
700 3825 873 3925 procellas
900 3842 1036 3901 temere
1064 3824 1196 3912 subiit,
1222 3838 1257 3898 et

193 3970 285 4044 pene
300 3969 447 4032 omnes,
470 3943 539 4016 nisi
556 3943 682 4016 merita
700 3943 797 4015 Pauli
822 3942 1090 4032 subvenissent,
1113 3944 1256 4018 demer-

225 4229 263 4297 (ι)
282 4228 346 4282 Act.
360 4234 448 4297 apost.
464 4241 540 4292 xxiii,
559 4222 868 4297 10·xxtv,27.(58-60.)
