2894 4958
159 466 161 471 Ι
188 383 246 444 142
461 382 646 444 HISTORIA
667 381 973 444 ncctnslssncs.

234 499 494 575 Constantinus
525 498 637 573 frater
664 499 894 573 Constantini
933 500 1130 600 superioris
1165 502 1256 604 regis

184 617 288 691 annis
313 640 407 690 xvii.
432 615 617 690 Sarraceni
651 617 810 690 Siciliam
837 616 1036 705 invadunt,
1068 633 1105 692 et
1138 616 1257 719 praeda

187 733 299 806 nimia
317 756 438 806 secum
457 729 592 821 ablata,
611 758 697 806 mox
710 731 963 806 Alexandriam
980 733 1149 808 redeunt.

236 848 378 951 Agatho
394 876 485 949 papa
499 876 541 922 ex
554 866 685 950 rogatu
700 849 950 938 Constantini,
970 849 1125 923 Heraclii
1145 866 1183 924 et
1198 850 1265 925 Ti·
1326 882 1356 901 ⁴

187 965 279 1040 herii
288 1020 300 1057 ,
319 967 528 1067 principum
540 967 806 1067 piissimorum,
822 967 922 1039 misit
935 967 972 1039 in
984 969 1120 1069 regiam
1134 967 1263 1044 urbem
1354 1026 1356 1033 .

191 1087 326 1188 legatos
338 1112 440 1175 suos,
459 1088 497 1159 in
513 1083 646 1187 quibus
661 1100 737 1159 erat
753 1086 910 1159 Joannes
926 1112 1088 1160 romanae
1106 1086 1264 1162 ecclesie

191 1220 280 1278 tunc
296 1202 490 1293 diaconus,
510 1229 591 1277 non
601 1202 709 1303 longe
720 1219 803 1302 post
820 1204 1029 1303 episcopus,
1044 1231 1114 1304 pro
1127 1205 1265 1281 aduna-

192 1324 294 1396 tione
312 1321 472 1395 sacienda
491 1335 695 1394 sanctarum
711 1321 775 1394 Dei
794 1319 1035 1395 ecclesiarum.
1065 1322 1137 1417 Qui
1162 1321 1265 1397 beni·

191 1438 361 1539 guissime
394 1438 548 1536 suscepti
584 1464 604 1510 a
635 1437 926 1511 reverentissimo
958 1437 1042 1512 fidei
1077 1437 1266 1513 catholicae

192 1554 381 1629 defensore
408 1553 669 1642 Constantino,
683 1555 770 1652 jussi
790 1569 897 1644 sunt,
925 1555 1081 1629 remissis
1106 1555 1267 1657 disputa·

194 1669 356 1744 tionibus
368 1668 646 1769 philosophicis,
665 1669 816 1770 pacifico
834 1671 1019 1772 colloquio
1035 1672 1080 1746 de
1096 1671 1170 1747 fide
1185 1698 1267 1746 vera

194 1789 424 1890 perquirere3
450 1787 541 1860 datis
563 1788 613 1862 eis
633 1787 678 1862 de
694 1786 915 1863 bibliotheca
932 1790 1268 1890 Constantinopoli·

196 1921 279 1979 tana
309 1906 449 1979 cunctis
479 1906 716 2006 antiquorum
750 1923 917 2006 patrum,
950 1933 1042 2009 quos
1073 1905 1267 2006 petebant,

195 2023 340 2099 libellis.
360 2025 555 2098 Affueruut
577 2041 697 2098 autem
722 2040 759 2099 et
782 2025 940 2125 episcopi
967 2050 1029 2114 ct,
1052 2024 1270 2124 praesidente

198 2143 357 2243 Georgio
380 2141 581 2241 patriarcha
609 2143 717 2243 regiae
743 2140 864 2232 urbis,
889 2159 927 2216 et
948 2141 1156 2216 Antiochiae
1185 2143 1270 2216 Ma-

198 2258 336 2333 chario.
362 2262 411 2331 Et
438 2260 595 2332 convicti
624 2275 730 2348 sunt,
758 2261 821 2360 qui
841 2286 952 2333 unam
981 2260 1208 2334 voluntatem
1235 2273 1270 2333 et

199 2377 447 2476 operationem
472 2375 681 2450 astruebant
707 2377 745 2449 in
775 2376 941 2466 Christo,
964 2375 1104 2451 labasse
1122 2377 1271 2449 Patrum

199 2492 462 2568 catholicorum
488 2480 583 2566 dicta
615 2494 852 2594 perplurima.
884 2495 1006 2568 Finito
1036 2509 1160 2569 autem
1186 2519 1272 2569 oon-

199 2612 317 2706 flictu,
326 2611 503 2712 Georgius
517 2627 700 2686 correctus
710 2627 780 2701 est;
795 2612 997 2686 Macharius
1010 2637 1098 2686 vero
1108 2610 1272 2684 cumanis

200 2725 430 2828 sequacibus,
459 2727 566 2800 simul
592 2743 629 2801 et
655 2725 951 2828 praecessoribus,
979 2727 1096 2829 Cyro,
1122 2726 1271 2827 Sergio,

199 2844 379 2933 Honorio,
396 2842 559 2945 Pyrrho,
575 2844 686 2917 Paulo
696 2859 733 2917 ct
745 2845 873 2932 Petro,
888 2843 1227 2931 anathematizatus3
1240 2854 1275 2916 et

201 2963 375 3036 inlocum
393 2966 468 3061 ejus
482 2961 741 3062 Theophauius
755 2960 863 3035 abbas
879 2962 923 3036 de
940 2962 1059 3035 Sicilia
1068 2959 1275 3035 Antiochia

201 3080 388 3179 episcopus
416 3079 543 3151 factus.
566 3081 756 3179 Tantaque
784 3080 898 3177 gratia
929 3078 1062 3178 legatos
1086 3076 1276 3151 catholicae

200 3198 295 3295 pacis
312 3198 481 3270 comitata
501 3211 570 3286 est,
595 3211 638 3267 ut
654 3197 810 3270 Joannes
835 3197 1043 3270 Portuensis
1066 3197 1274 3296 episcopus,

200 3316 262 3414 qui
294 3330 370 3389 erat
396 3342 490 3387 unus
509 3342 552 3388 ex
578 3315 682 3414 ipsis,
707 3314 890 3389 dominica
911 3331 1119 3389 octavarum
1135 3312 1277 3415 paschae

202 3434 323 3506 missas
336 3431 498 3533 publicas
513 3433 549 3513 in
564 3432 709 3507 ecclesia
723 3449 855 3505 sanctae
871 3432 1015 3533 Sophiae
1033 3457 1158 3506 coram
1176 3432 1277 3532 prin·

202 3551 281 3649 cipe
296 3568 332 3624 et
351 3549 551 3649 patriarcha
570 3550 681 3623 latine
698 3548 897 3624 celebraret
914 3552 983 3649 (1).
1003 3553 1089 3623 llaec
1108 3563 1163 3623 cst
1180 3562 1275 3623 sexta

201 3810 319 3884 miqucs.
332 3812 370 3865 La
387 3812 500 3867 mission
519 3813 554 3866 de
572 3811 762 3887 t’archeveque
780 3811 931 3867 Theodore
946 3829 982 3865 en
999 3809 1168 3884 Angleterm
1184 3816 1227 3863 est
1243 3805 1278 3861 de

202 3901 531 4066 lallrllllbbglseptembre
550 3991 626 4063 685).
645 3993 810 4048 Constantia
824 3992 951 4065 Pogonat
968 3991 1064 4045 n'etait
1084 4006 1132 4062 pas
1152 3989 1229 4046 snm
1244 3989 1279 4045 de

201 4083 338 4137 Constant
352 4082 393 4149 ll,
408 4100 516 4137 comme
528 4083 553 4137 le
567 4083 610 4137 dit
623 4092 703 4137 notre
714 4093 814 4137 auteur
826 4100 877 4154 par
887 4101 942 4137 une
956 4080 1096 4135 deviation
1108 4079 1146 4134 dn
1159 4077 1280 4135 naute

206 4172 278 4228 sede
290 4175 337 4247 qni
351 4174 420 4227 n’est
433 4192 481 4246 pas
497 4175 647 4241 heureuse,
661 4174 731 4228 mais
745 4191 793 4227 son
809 4173 860 4226 sila.
876 4172 1028 4227 L’invasion
1040 4168 1076 4225 (le
1095 4169 1120 4224 la
1131 4169 1217 4225 Sicile
1229 4186 1280 4241 ptr
