2894 4958
547 452 664 515 LIBER
685 454 896 514 SECUNDUS.
1197 455 1257 519 245

190 569 420 673 pugnabant,
442 569 601 646 dicentes
622 571 761 647 :Nihil
785 574 879 647 mali
903 575 1101 647 invenimus
1129 576 1167 646 in
1189 575 1260 650 lto-

189 690 291 762 mine
312 693 399 775 isto;
419 687 563 789 quidsi
580 689 729 790 spiritus
749 689 890 762 nemus
913 706 967 763 est
983 690 1037 781 ei,
1058 707 1123 764 aut
1139 687 1259 792 crige-

191 802 401 906 lusilgitur
414 829 498 877 cum
509 829 637 905 magna
652 803 824 879 dissensio
836 803 929 878 facte
943 820 1053 895 esset,
1067 803 1255 896 tribunus,

191 921 324 994 timens
339 946 386 995 ne
401 920 531 993 Paulus
543 919 589 994 sb
610 921 696 1021 ipsis
710 920 990 1023 discerperetur,
1005 922 1141 997 auxilio
1159 924 1259 999 mili-

191 1055 273 1113 tum
288 1038 333 1113 de
348 1037 468 1114 medio
481 1065 609 1112 corum
624 1040 747 1139 rapuit
758 1053 795 1114 et
813 1040 852 1115 in
869 1055 981 1114 castra
1001 1040 1174 1140 induxit(
1199 1040 1230 1140 ).

240 1157 412 1259 Sequenti
425 1173 535 1231 nocte
546 1158 709 1232 assistens
719 1157 751 1232 ei
765 1158 965 1249 Dominus,
979 1159 1031 1231 ait
1046 1189 1055 1230 ι
1077 1159 1259 1235 'Constans

190 1291 289 1362 esto;
309 1275 410 1359 ¹sieut
428 1275 525 1348 enim
545 1273 755 1375 testificatus
773 1301 812 1348 es
830 1274 878 1348 de
895 1301 952 1348 me
972 1277 1011 1348 in
1029 1275 1255 1368 Jencatem,

191 1392 248 1466 sic
262 1407 298 1463 te
312 1406 453 1492 oportet
467 1391 598 1465 Romae
614 1392 695 1464 testi
720 1393 812 1466 cari.
830 1391 937 1465 Facta
953 1389 1035 1481 die,
1050 1390 1262 1467 ludaeorum

190 1505 272 1604 plus
297 1531 407 1607 quem
431 1504 666 1608 quadraginta
690 1505 736 1580 ad
761 1507 944 1607 principes
969 1505 1196 1583 sacerdotum
1222 1522 1260 1583 et

190 1623 350 1699 seniores
368 1639 613 1715 accesserunt,
633 1639 670 1699 et
685 1639 774 1699 voto
791 1652 828 1700 se
845 1625 1144 1700 constrinxerunt
1160 1624 1261 1727 quod

188 1739 536 1816 nonmeuducerent
547 1738 856 1841 ncquebiberent,
867 1740 983 1816 donec
994 1740 1159 1831 Paulum,
1170 1739 1259 1814 dum

187 1857 235 1932 sd
264 1856 462 1931 concilium
486 1854 742 1948 adduceretur,
771 1857 989 1932 occiderent.
1014 1859 1093 1932 Hoc
1121 1872 1164 1930 ut
1180 1856 1261 1929 ¹tri-

186 1974 313 2048 bunus
327 1976 393 2076 per
409 1974 527 2048 filium
543 1976 678 2050 sororis
693 1974 793 2050 Pauli
810 1975 1000 2077 cognovit,
1026 1972 1170 2048 insidias
1186 1974 1260 2047 im-

184 2091 338 2192 piorum
355 2089 481 2166 collide
495 2088 637 2165 delusit.
655 2090 749 2164 Nem
766 2091 871 2166 tertis
895 2091 1014 2166 noctis
1036 2087 1125 2164 hors
1152 2090 1260 2172 sinc-

186 2225 273 2282 tum
299 2233 383 2280 cum
408 2232 452 2280 cc
474 2205 652 2281 militibus
675 2208 716 2282 et'
731 2230 812 2281 'cxx
836 2207 1019 2310 equitibus
1042 2233 1083 2281 ec
1106 2207 1257 2281 cc'hn-

183 2324 317 2400 ceuriis
331 2330 529 2400 caesnem
545 2326 666 2416 misit,
685 2340 723 2400 et
740 2351 881 2400 causam
895 2329 970 2426 ejus
988 2326 1096 2400 Felici
1114 2326 1258 2428 praesidi

183 2437 323 2519 litteris
339 2442 547 2518 insinuavit.
565 2443 655 2519 llluc
680 2443 803 2546 itaque
816 2442 1028 2543 perductus,
1056 2444 1095 2518 in
1120 2458 1260 2544 praeto-

183 2561 248 2636 rio
270 2558 424 2639 Herodis
444 2557 643 2634 custoditus
660 2576 735 2650 est,
760 2575 798 2662 et
823 2575 907 2659 post
925 2560 1089 2663 quinque
1113 2557 1201 2635 dies'
1214 2559 1260 2633 ad

183 2676 406 2769 concionem
422 2675 619 2779 productus
633 2691 701 2751 est.
725 2675 882 2750 Ananias
897 2674 1060 2751 sacerdos
1086 2679 1171 2750 cum
1201 2701 1259 2750 se-

183 2791 357 2871 nioribus
370 2793 579 2871 Judaeorum
597 2792 730 2884 adfuit,
750 2807 787 2867 et
804 2791 989 2867 Tertullus
1007 2808 1133 2868 orator
1152 2818 1260 2866 eccu-

184 2913 368 3013 satioupm
393 2913 432 2985 in
462 2910 616 2985 Paulum
642 2908 811 2985 insidiose
840 2909 1077 3010 deprompsit.
1104 2908 1256 2998 Peulus,

182 3043 375 3105 annuente
400 3026 571 3130 preside,
599 3027 760 3102 breviter
787 3027 994 3127 respondit,
1016 3027 1259 3129 prudentique

183 3173 367 3248 responso
393 3145 722 3248 protinusobJecta
746 3142 961 3221 confutavit.
985 3145 1085 3250 Felix
1101 3141 1257 3246 presses,

184 3265 317 3342 donec.
336 3261 503 3339 tribunus
524 3263 772 3353 descenderet,
798 3264 879 3339 illos
894 3262 1057 3354 distulit,
1076 3279 1113 3340 et
1128 3279 1260 3339 centu-

187 3383 292 3456 rioni
304 3379 396 3456 bene
412 3380 543 3458 hebere
553 3381 705 3456 Paulum
718 3383 905 3483 praeccpit.
924 3383 1010 3458 Post
1029 3370 1169 3485 aliquot
1184 3381 1260 3456 dies

188 3498 295 3573 Felix
314 3524 397 3571 cum
417 3498 573 3572 llmsilla
589 3525 703 3575 uxore
729 3526 809 3590 sua,
833 3526 916 3601 quae
939 3516 1017 3574 erat
1035 3492 1177 3588 Judaeo,
1198 3525 1260 3574 ve·

190 3615 324 3702 niens,
355 3616 507 3689 Paulum
530 3608 697 3705 vocavit,
722 3608 764 3689 ¹ct
791 3616 924 3707 fidem,
954 3643 1036 3718 quae
1066 3618 1105 3689 in
1138 3619 1260 3692 lesum

189 3732 380 3806 corissum
396 3749 468 3824 ss,
488 3733 534 3807 ab
555 3727 766 3809 maudiut.
785 3719 998 3834 Disputare
1015 3734 1079 3809 1110
1094 3732 1139 3810 de
1150 3719 1261 3833 justi-

193 3849 243 3922 tia
260 3863 299 3924 et
314 3849 493 3940 castitate,
507 3851 716 3950 judicioque
732 3849 881 3944 sutoro,
902 3851 1002 3925 Felix
1019 3843 1260 3938 contremuit,

230 4219 239 4281 l
246 4219 270 4288 ι)
289 4216 353 4273 Act.
367 4228 456 4291 apost.
472 4237 536 4292 xro,
553 4217 680 4301 3⁰,‘¹¹¹¹¹’
696 4239 736 4276 ιο.
752 4219 820 4292 (58.)
