2894 4958
184 413 246 474 2³0
460 407 645 469 HISTORIA
666 406 971 469 ECCLESllS'llCl.

186 544 381 631 negantem
400 553 483 602 vera
500 528 643 603 ratione
665 527 846 618 convicit,
866 541 904 602 et
921 527 1052 602 scelera
1072 529 1152 626 ejus
1170 550 1253 626 pm-

185 647 357 722 babiliter
373 647 522 722 detexit.
541 646 702 746 Populus
719 661 839 720 autem
856 643 1082 746 indignatus,
1095 641 1255 744 blaspbe-

187 790 291 837 mum
307 764 402 838 atrio
417 763 539 863 ejecit,
558 777 595 837 et
611 777 710 837 extra
728 762 858 836 domus
873 761 1008 834 atrium
1019 760 1035 860 (
1044 760 1076 860 t)
1097 758 1255 860 pepulit,

187 907 342 982 eumque
358 880 402 954 de
420 879 562 977 multis,
580 880 644 980 qui
660 877 797 951 dudum
813 876 1070 978 sequebantur,
1085 877 1150 949 vix
1166 884 1257 950 unus

186 998 287 1098 sequi
304 997 430 1096 coepit.
449 1002 583 1084 Porro,
603 995 731 1069 Simon
752 994 892 1095 polluta
913 1012 948 1069 et
968 992 1184 1070 execrabilia
1205 1017 1257 1067 se·

187 1130 284 1189 creta
301 1141 409 1216 snper
428 1112 597 1186 humeros
618 1113 706 1187 socii
727 1112 781 1185 sui
807 1113 997 1214 imposuit,
1023 1126 1257 1212 metuensque

188 1257 235 1307 ue
252 1229 493 1332 deprehensus
511 1228 667 1330 publicis
684 1229 823 1332 legibus
844 1227 1061 1330 subjaceret,
1083 1244 1202 1303 noctu
1221 1227 1257 1302 in

187 1375 286 1424 mare
297 1347 404 1449 jecit,
431 1372 547 1449 coque
568 1348 718 1422 nolente
738 1349 790 1422 illi
808 1349 993 1438 comitari,
1016 1372 1128 1449 quem
1147 1345 1258 1449 pessi-

189 1492 291 1538 mum
311 1465 545 1564 impostorem
561 1467 637 1564 jam
654 1479 898 1565 compererat,
917 1464 1071 1565 aufugit.

237 1583 364 1658 Petrus
382 1597 504 1658 autem
520 1582 689 1658 caesueae
707 1583 825 1656 trihus
840 1579 1024 1656 mensibus
1040 1578 1178 1654 mansit
1184 1630 1197 1670 ,
1226 1592 1259 1654 et

189 1698 380 1772 Zachaeum
399 1697 450 1771 ibi
465 1699 675 1799 episcopum
691 1696 893 1784 ordinavit3
917 1694 1261 1795 multitudinemque

190 1817 415 1893 credentium
433 1816 478 1890 ad
501 1815 625 1891 decem
650 1815 763 1888 millia
792 1815 829 1887 in
852 1813 910 1887 die
934 1812 1027 1887 festo
1051 1810 1258 1912 baptisavit.

190 1933 277 2011 lnde
303 1935 411 2011 etiam
437 1959 490 2008 ιιι
515 1933 647 2008 fratres
666 1947 751 2033 post
772 1932 958 2008 Simonem
983 1929 1197 2018 destinavit,
1223 1943 1261 2002 ut

190 2054 320 2130 itinera
337 2057 411 2154 ejus
426 2066 755 2154 perscrutarentur.
776 2049 979 2150 Sophonias
999 2049 1099 2123 euim
1116 2061 1156 2122 et
1169 2048 1263 2122 tuse

191 2170 302 2272 phus,
322 2168 478 2244 Micheas
491 2185 529 2245 et
543 2169 704 2257 Eleazar,
723 2165 873 2241 Phinees
887 2181 923 2241 et
934 2168 1100 2254 Lazarus,
1116 2163 1264 2237 Elizteus

193 2302 229 2361 et
246 2287 432 2386 Benjamin
450 2285 545 2359 fitius
561 2284 674 2376 Saba,
691 2283 848 2360 Ananias
865 2283 962 2357 lilius
978 2280 1117 2383 Saphra
1133 2296 1172 2357 et
1187 2281 1264 2355 llu-

191 2402 294 2478 belus
305 2402 419 2476 frater
432 2401 592 2493 Zachaei,
607 2401 826 2476 Nicodamus
840 2416 877 2475 et
889 2399 1077 2474 Zacharias
1089 2413 1263 2488 structor,

193 2518 239 2592 ab
263 2518 428 2620 apostolo
455 2519 558 2594 electi
584 2534 670 2593 sunt
694 2535 737 2593 ut
756 2517 920 2593 fidelium
942 2515 1172 2592 duodenario
1191 2514 1267 2590 ln-

194 2652 293 2710 trum
307 2663 462 2713 numero
477 2638 517 2711 in
532 2637 674 2713 deitatis
687 2637 788 2711 cultu
800 2637 1067 2738 astipularetur,
1082 2634 1267 2738 gratiaque

195 2755 259 2829 Dei
278 2755 461 2856 praecipue
477 2756 611 2847 fultus,
637 2782 765 2830 eorum
791 2782 938 2857 quoque
963 2752 1189 2829 adminiculo
1210 2751 1268 2824 Si-

196 2898 344 2947 monem
363 2898 529 2974 magum,
547 2874 709 2974 aliosque
727 2873 895 2948 inimicos
906 2872 1058 2973 justitiae
1073 2894 1269 2970 persequo-

195 3003 311 3065 retur.

246 3107 443 3209 completis
453 3123 574 3183 autem
587 3108 706 3182 tribus
718 3107 923 3203 mensibus,
940 3135 1006 3208 per
1016 3107 1155 3182 Duram
1168 3103 1272 3206 oppi-

197 3223 286 3296 dum
309 3226 436 3298 Petrus
460 3225 719 3299 Ptolemaidem
742 3225 927 3325 profectus
953 3239 1025 3313 est3
1057 3221 1185 3323 ibique
1208 3245 1272 3321 per

198 3338 322 3414 decem
337 3337 411 3412 dies
423 3338 600 3439 populum
613 3341 676 3414 Dei
693 3341 769 3443 lege
783 3341 966 3415 instruens
980 3339 1190 3413 demoratus
1204 3349 1269 3410 est.

199 3456 337 3531 Deinde
352 3457 447 3559 apud
461 3460 603 3559 Tyrum
616 3475 653 3532 et
670 3458 843 3533 Sidonem
861 3473 897 3532 et
912 3461 1089 3559 Berytum
1104 3454 1274 3529 similiter

201 3574 238 3645 in
256 3575 394 3649 satione
412 3573 525 3648 divini
545 3576 691 3650 seminis
708 3594 904 3676 occupatus
922 3590 974 3650 est
981 3629 992 3665 ,
1016 3588 1128 3674 atque
1149 3589 1272 3673 postea

201 3716 285 3763 cum
304 3693 538 3767 multitudine
561 3695 718 3794 plurima
738 3694 939 3769 electorum
955 3720 999 3768 ex
1017 3691 1169 3793 singulis
1185 3691 1274 3765 civi·

202 3803 335 3878 tatibus
357 3808 539 3909 Tripolim
564 3811 741 3910 ingressus
759 3827 824 3884 cst.
844 3809 898 3883 lbi
927 3811 963 3883 in
981 3808 1094 3884 domo
1110 3805 1273 3881 Maronis

236 4102 275 4171 (ι)
293 4101 337 4154 Au
356 4099 412 4154 lieu
429 4101 468 4156 du
485 4114 544 4157 mot
562 4107 678 4174 atrium,
698 4103 761 4159 liscz
776 4106 910 4178 januum,
927 4105 1035 4180 d’aprds
1053 4103 1080 4160 le
1097 4121 1214 4179 passage
1226 4101 1274 4159 det

203 4191 398 4265 lle'cognitions
414 4189 481 4247 d'oit
492 4203 564 4249 cette
576 4193 678 4268 phrase
690 4205 732 4251 est
743 4194 824 4252 tiree.
