2894 4958
185 411 253 472 320
461 407 646 472 HISTORIA
665 408 971 476 Ecctltsmtlct.

184 544 271 603 ante
286 527 407 604 locum
418 529 612 631 sepultura
629 529 751 623 illius,
767 534 1035 635 perpetualiter
1048 534 1115 609 die
1130 540 1249 611 noctu·

186 673 257 749 que
276 647 405 723 diuino
426 665 517 721 nutu
537 648 758 750 resplendet,
782 677 809 724 a
829 650 934 726 nullo
943 653 1162 752 fomentum
1182 655 1251 730 olei

185 764 370 867 scirpique
388 764 735 866 acceptorumque
749 772 859 841 uasto
875 769 1124 868 exanguimr,
1146 790 1253 872 neque

187 904 279 954 casu
293 878 485 969 dilabitur,
497 905 614 980 neque
623 880 792 956 ardendo
802 884 992 958 nunm'tur.
1006 886 1138 960 Habet
1148 889 1253 961 im're⁵

187 1015 343 1072 mentum
360 1023 433 1100 per
447 996 610 1099 apostoli
625 1000 813 1089 virtutem,
833 999 937 1100 quod
957 1005 1124 1076 nescitur
1136 1003 1185 1076 ab
1199 1003 1253 1078 ho·

188 1119 303 1204 mine,·
325 1117 510 1216 cognitum
525 1131 667 1188 tantum
685 1114 840 1189 habetur
852 1115 989 1192 divina
1001 1122 1196 1219 potentia.
1211 1120 1253 1195 ln

188 1234 337 1308 Edessa
354 1232 457 1322 urbe,
477 1235 517 1305 in
528 1258 602 1333 qua
612 1230 738 1306 beatos
753 1248 857 1309 artus
867 1234 1069 1310 tumulatos
1080 1236 1251 1328 diximus,

190 1349 402 1426 adveniente
422 1346 673 1422 translationis
690 1349 772 1449 ejus
777 1345 1003 1447 festivitate,
1021 1378 1184 1453 magnus
1198 1380 1254 1455 ag·

189 1482 364 1568 gregatur
370 1464 593 1568 populorum
610 1482 723 1540 coetus
729 1522 743 1556 ,
763 1493 811 1540 oc
824 1467 872 1541 de
886 1467 1038 1544 diversis
1055 1472 1254 1572 regionibus

192 1612 276 1660 cum
291 1586 385 1694 cotis
407 1600 441 1656 et
461 1584 619 1684 negotiis
640 1583 886 1676 uenientibus,
911 1584 1105 1661 uendendi
1120 1613 1255 1692 compa·

190 1699 370 1800 randique
395 1725 463 1799 per
486 1723 564 1772 xxx
593 1697 672 1772 dies
695 1700 776 1772 sine
802 1699 881 1773 ulla
910 1701 1045 1776 telonei
1070 1706 1255 1779 enocham

191 1819 343 1894 licentia
353 1817 476 1892 datur.
489 1818 536 1890 In
548 1816 606 1890 his
620 1843 704 1891 vero
715 1816 861 1908 diebus,
876 1823 939 1918 qui
950 1820 990 1891 in
1005 1845 1133 1894 mersse
1141 1823 1254 1924 quinto

191 1937 386 2025 habentur,
404 1963 544 2036 magna
559 1950 595 2008 et
612 1937 791 2009 inusitata
802 1937 957 2038 populis
979 1937 1160 2040 benficia
1168 1965 1255 2042 pne·

193 2056 331 2130 bentur.
351 2053 436 2129 Non
458 2052 680 2128 scandalum
701 2055 819 2154 surgit
840 2057 879 2126 in
894 2053 1023 2157 plebe,
1043 2082 1121 2130 non
1140 2082 1255 2132 musot

193 2174 326 2249 incidit
351 2171 580 2274 mortificata
604 2173 733 2262 carni,
761 2197 836 2244 non
865 2172 967 2245 laten
990 2173 1095 2248 deest
1118 2176 1252 2249 situati.

193 2290 295 2366 Nam
316 2314 400 2363 cum
422 2286 476 2360 ibi
497 2286 646 2387 reliquis
666 2284 795 2360 diebus
805 2286 897 2389 plus
918 2313 1030 2386 quam
1047 2298 1193 2364 centum
1204 2315 1255 2393 pe·

193 2405 284 2478 dum
294 2401 527 2477 altitudinem
542 2428 643 2502 aqua
656 2400 852 2475 hauriatur
868 2429 894 2475 a
906 2403 1049 2504 puteis,
1065 2431 1168 2479 nunc
1173 2430 1255 2509 pau

195 2520 311 2595 lulum
329 2520 367 2594 si
388 2519 563 2620 effodias,
586 2521 733 2621 affatim
754 2511 938 2622 lymphas
950 2521 1194 2598 exuberantes
1213 2528 1255 2596 in

196 2637 325 2712 uenies.
363 2633 477 2735 Quod
500 2660 574 2709 non
604 2633 803 2735 ambigitur
833 2633 914 2709 hac
947 2636 1080 2709 uirtute
1109 2636 1257 2740 apostoli

195 2754 383 2856 impertiri.
406 2751 581 2825 Decursis
605 2753 719 2852 igitur
738 2751 978 2829 solemnitatis
996 2753 1151 2844 diebus,
1175 2755 1256 2829 telo·

195 2895 303 2943 neum
325 2865 479 2970 publico
508 2865 690 2955 redditur,
723 2893 853 2941 musca
881 2893 967 2964 quae
993 2864 1113 2968 defuit
1141 2869 1255 2959 aden,

189 2987 452 3090 propinquitas
469 3011 578 3084 aqua
594 2983 761 3058 dehiscit.
779 2984 924 3060 Dehinc
940 2988 1076 3061 emissa
1093 2987 1257 3061 diuinitus

190 3104 322 3208 pluuia
338 3107 392 3175 ita
407 3128 514 3176 omne
533 3102 667 3174 atrium
686 3101 812 3205 templi
833 3127 858 3174 a
878 3101 1049 3176 sordibus
1065 3120 1101 3175 et
1117 3103 1258 3179 diuersis

196 3216 447 3320 squaloribus,
468 3220 533 3317 qui
547 3242 620 3318 per
636 3218 720 3319 ipsa
741 3216 920 3290 solemnia
928 3213 1031 3310 facti
1047 3235 1154 3306 sunt,
1174 3245 1259 3294 mun

197 3336 280 3425 dat,
299 3351 337 3407 ut
347 3350 499 3436 putares
512 3330 609 3404 iliud
621 3358 689 3406 nec
690 3328 818 3432 fuisse
831 3331 1016 3407 calcatum
1031 3333 1047 3431 (
1070 3332 1103 3432 )

245 3455 338 3528 Vere
350 3454 446 3526 Deus
461 3465 586 3525 noster
599 3450 851 3550 omnipotens,
863 3452 981 3550 justus
994 3464 1030 3523 et
1040 3451 1126 3550 pius
1137 3451 1257 3551 judex,

196 3587 302 3674 atque
324 3568 488 3646 redditor
513 3569 675 3668 patiens,
702 3584 842 3640 sanctos
866 3594 948 3640 suos
970 3567 1063 3641 mire
1087 3567 1260 3670 glorificet

197 3706 233 3762 et
250 3686 478 3763 ineffabiliter
494 3685 635 3760 honore
651 3687 803 3785 perenni
817 3701 990 3775 coronat3
1008 3712 1122 3786 genus
1139 3683 1260 3761 huma·

232 4003 270 4071 (ι)
288 4000 376 4075 Greg.
391 4002 462 4056 Tur.
480 4001 516 4056 de
531 4001 607 4056 Glor.
620 4011 740 4074 martyr.
755 4018 778 4070 1,
794 3999 838 4057 ὄπ.
855 4003 895 4058 Co
910 4019 1023 4077 passage
1039 4013 1082 4058 est
1096 4009 1259 4059 encument

198 4091 344 4160 transcrit,
364 4092 468 4147 sanila
485 4091 682 4160 substitution,
700 4091 911 4166 probablement
933 4091 1131 4164 acaunum,
1151 4094 1192 4151 du
1210 4100 1260 4150 not

198 4177 317 4236 lichinus
328 4179 456 4250 (mische)
469 4183 485 4235 'a
498 4179 618 4254 lychrnn
629 4178 762 4254 (tempe).
