<?xml version="1.0" encoding="UTF-8"?>
<!DOCTYPE html PUBLIC "-//W3C//DTD XHTML 1.0 Transitional//EN"
    "http://www.w3.org/TR/xhtml1/DTD/xhtml1-transitional.dtd">
<html xmlns="http://www.w3.org/1999/xhtml" xml:lang="en" lang="en">
 <head>
  <title>
</title>
<meta http-equiv="Content-Type" content="text/html;charset=utf-8" />
  <meta name='ocr-system' content='tesseract 3.04.00' />
  <meta name='ocr-capabilities' content='ocr_page ocr_carea ocr_par ocr_line ocrx_word'/>
</head>
<body>
  <div class='ocr_page' id='page_1' title='image "./ordericivitalis02deligoog/ordericivitalis02deligoog_0363.png"; bbox 0 0 2894 4958; ppageno 0'>
   <div class='ocr_carea' id='block_1_1' title="bbox 192 389 1260 2487">
    <p class='ocr_par' dir='ltr' id='par_1_1' title="bbox 200 389 1256 725">
     <span class='ocr_line' id='line_1_1' title="bbox 201 389 984 457; baseline -0.003 0"><span class='ocrx_word' id='word_1_1' title='bbox 201 396 262 457; x_wconf 76' lang='lat'><strong>350</strong></span> <span class='ocrx_word' id='word_1_2' title='bbox 473 389 660 454; x_wconf 76' lang='lat' dir='ltr'><strong>Hlstottlt</strong></span> <span class='ocrx_word' id='word_1_3' title='bbox 679 389 984 457; x_wconf 70' lang='lat' dir='ltr'><strong>Ecctsstttstlcs.</strong></span> 
     </span>
     <span class='ocr_line' id='line_1_2' title="bbox 200 509 1256 612; baseline 0.005 -25"><span class='ocrx_word' id='word_1_4' title='bbox 200 512 293 590; x_wconf 89' lang='lat' dir='ltr'><strong>stola</strong></span> <span class='ocrx_word' id='word_1_5' title='bbox 305 527 608 612; x_wconf 87' lang='lat' dir='ltr'><strong>properaverunt,</strong></span> <span class='ocrx_word' id='word_1_6' title='bbox 624 526 662 585; x_wconf 87' lang='lat' dir='ltr'><strong>et</strong></span> <span class='ocrx_word' id='word_1_7' title='bbox 674 509 908 611; x_wconf 76' lang='lat' dir='ltr'><strong>predicantes</strong></span> <span class='ocrx_word' id='word_1_8' title='bbox 916 565 928 602; x_wconf 93' lang='lat'><strong>,</strong></span> <span class='ocrx_word' id='word_1_9' title='bbox 942 512 1092 612; x_wconf 89' lang='lat' dir='ltr'><strong>impiam</strong></span> <span class='ocrx_word' id='word_1_10' title='bbox 1103 511 1256 591; x_wconf 75' lang='lat' dir='ltr'><strong>haerein</strong></span> 
     </span>
     <span class='ocr_line' id='line_1_3' title="bbox 201 627 542 725; baseline -0.012 -23"><span class='ocrx_word' id='word_1_11' title='bbox 201 627 490 725; x_wconf 84' lang='lat' dir='ltr'><strong>destruxerunt(</strong></span> <span class='ocrx_word' id='word_1_12' title='bbox 515 628 542 724; x_wconf 86' lang='lat'><strong>).</strong></span> 
     </span>
    </p>

    <p class='ocr_par' dir='ltr' id='par_1_2' title="bbox 192 733 1260 2487">
     <span class='ocr_line' id='line_1_4' title="bbox 250 733 1258 848; baseline -0.003 -25"><span class='ocrx_word' id='word_1_13' title='bbox 250 746 302 823; x_wconf 90' lang='lat' dir='ltr'><strong>Ut</strong></span> <span class='ocrx_word' id='word_1_14' title='bbox 316 743 391 820; x_wconf 80' lang='lat' dir='ltr'><strong>reri</strong></span> <span class='ocrx_word' id='word_1_15' title='bbox 409 759 566 844; x_wconf 90' lang='lat' dir='ltr'><strong>pastores</strong></span> <span class='ocrx_word' id='word_1_16' title='bbox 585 742 735 818; x_wconf 84' lang='lat' dir='ltr'><strong>verbum</strong></span> <span class='ocrx_word' id='word_1_17' title='bbox 754 745 819 819; x_wconf 81' lang='lat' dir='ltr'><strong>Dei</strong></span> <span class='ocrx_word' id='word_1_18' title='bbox 838 733 1129 847; x_wconf 69' lang='lat' dir='ltr'><strong>evangelizabant</strong></span> <span class='ocrx_word' id='word_1_19' title='bbox 1135 802 1148 837; x_wconf 90' lang='lat'><strong>,</strong></span> <span class='ocrx_word' id='word_1_20' title='bbox 1167 749 1258 848; x_wconf 80' lang='lat' dir='ltr'><strong>igna-</strong></span> 
     </span>
     <span class='ocr_line' id='line_1_5' title="bbox 200 859 1259 966; baseline 0.001 -26"><span class='ocrx_word' id='word_1_21' title='bbox 200 891 261 941; x_wconf 89' lang='lat' dir='ltr'><strong>ros</strong></span> <span class='ocrx_word' id='word_1_22' title='bbox 277 861 477 956; x_wconf 82' lang='lat' dir='ltr'><strong>docebant,</strong></span> <span class='ocrx_word' id='word_1_23' title='bbox 496 877 652 963; x_wconf 73' lang='lat' dir='ltr'><strong>aegrotos</strong></span> <span class='ocrx_word' id='word_1_24' title='bbox 668 859 862 952; x_wconf 86' lang='lat' dir='ltr'><strong>curabant,</strong></span> <span class='ocrx_word' id='word_1_25' title='bbox 890 890 1111 966; x_wconf 86' lang='lat' dir='ltr'><strong>omnemque</strong></span> <span class='ocrx_word' id='word_1_26' title='bbox 1132 866 1259 941; x_wconf 88' lang='lat' dir='ltr'><strong>sollici·</strong></span> 
     </span>
     <span class='ocr_line' id='line_1_6' title="bbox 200 980 1259 1083; baseline 0.003 -26"><span class='ocrx_word' id='word_1_27' title='bbox 200 982 364 1059; x_wconf 84' lang='lat' dir='ltr'><strong>tudinem</strong></span> <span class='ocrx_word' id='word_1_28' title='bbox 384 1008 465 1083; x_wconf 81' lang='lat' dir='ltr'><strong>erga</strong></span> <span class='ocrx_word' id='word_1_29' title='bbox 482 997 642 1055; x_wconf 78' lang='lat' dir='ltr'><strong>sanctam</strong></span> <span class='ocrx_word' id='word_1_30' title='bbox 661 980 875 1082; x_wconf 81' lang='lat' dir='ltr'>religionem</span> <span class='ocrx_word' id='word_1_31' title='bbox 890 981 1092 1075; x_wconf 70' lang='lat' dir='ltr'><strong>habebant,</strong></span> <span class='ocrx_word' id='word_1_32' title='bbox 1109 999 1151 1059; x_wconf 88' lang='lat' dir='ltr'><strong>et</strong></span> <span class='ocrx_word' id='word_1_33' title='bbox 1167 1012 1214 1060; x_wconf 91' lang='lat' dir='ltr'><strong>ue</strong></span> <span class='ocrx_word' id='word_1_34' title='bbox 1227 987 1259 1060; x_wconf 90' lang='lat' dir='ltr'><strong>in</strong></span> 
     </span>
     <span class='ocr_line' id='line_1_7' title="bbox 198 1095 1259 1201; baseline -0.001 -26"><span class='ocrx_word' id='word_1_35' title='bbox 198 1099 355 1200; x_wconf 84' lang='lat' dir='ltr'><strong>aliquam</strong></span> <span class='ocrx_word' id='word_1_36' title='bbox 391 1096 557 1171; x_wconf 76' lang='lat' dir='ltr'><strong>heresim</strong></span> <span class='ocrx_word' id='word_1_37' title='bbox 587 1095 763 1199; x_wconf 83' lang='lat' dir='ltr'>neophyti</span> <span class='ocrx_word' id='word_1_38' title='bbox 800 1097 1002 1175; x_wconf 76' lang='lat' dir='ltr'><strong>inciderent</strong></span> <span class='ocrx_word' id='word_1_39' title='bbox 1037 1125 1259 1201; x_wconf 79' lang='lat' dir='ltr'><strong>summopere</strong></span> 
     </span>
     <span class='ocr_line' id='line_1_8' title="bbox 197 1211 1258 1316; baseline 0.002 -27"><span class='ocrx_word' id='word_1_40' title='bbox 197 1211 468 1316; x_wconf 78' lang='lat' dir='ltr'><strong>praecavebant,</strong></span> <span class='ocrx_word' id='word_1_41' title='bbox 486 1211 638 1314; x_wconf 90' lang='lat' dir='ltr'><strong>ideoque</strong></span> <span class='ocrx_word' id='word_1_42' title='bbox 649 1213 860 1315; x_wconf 85' lang='lat' dir='ltr'><strong>frequenter</strong></span> <span class='ocrx_word' id='word_1_43' title='bbox 877 1215 1038 1291; x_wconf 88' lang='lat' dir='ltr'><strong>ecclesias</strong></span> <span class='ocrx_word' id='word_1_44' title='bbox 1050 1216 1258 1311; x_wconf 81' lang='lat' dir='ltr'><strong>visitabant,</strong></span> 
     </span>
     <span class='ocr_line' id='line_1_9' title="bbox 198 1327 1260 1430; baseline 0.005 -27"><span class='ocrx_word' id='word_1_45' title='bbox 198 1334 238 1403; x_wconf 89' lang='lat' dir='ltr'><strong>in</strong></span> <span class='ocrx_word' id='word_1_46' title='bbox 259 1329 391 1430; x_wconf 90' lang='lat' dir='ltr'><strong>quibus</strong></span> <span class='ocrx_word' id='word_1_47' title='bbox 407 1327 561 1403; x_wconf 79' lang='lat' dir='ltr'><strong>verbum</strong></span> <span class='ocrx_word' id='word_1_48' title='bbox 578 1328 642 1405; x_wconf 88' lang='lat' dir='ltr'><strong>Dei</strong></span> <span class='ocrx_word' id='word_1_49' title='bbox 660 1329 956 1429; x_wconf 76' lang='lat' dir='ltr'><strong>praedicaverant.</strong></span> <span class='ocrx_word' id='word_1_50' title='bbox 975 1330 1153 1408; x_wconf 80' lang='lat' dir='ltr'><strong>Callidam</strong></span> <span class='ocrx_word' id='word_1_51' title='bbox 1170 1334 1260 1408; x_wconf 86' lang='lat' dir='ltr'><strong>enim</strong></span> 
     </span>
     <span class='ocr_line' id='line_1_10' title="bbox 199 1445 1259 1550; baseline 0 -28"><span class='ocrx_word' id='word_1_52' title='bbox 199 1447 339 1523; x_wconf 66' lang='lat' dir='ltr'><strong>&amp;uuae</strong></span> <span class='ocrx_word' id='word_1_53' title='bbox 364 1447 530 1523; x_wconf 72' lang='lat' dir='ltr'><strong>niueam</strong></span> <span class='ocrx_word' id='word_1_54' title='bbox 560 1472 634 1521; x_wconf 90' lang='lat' dir='ltr'><strong>esse</strong></span> <span class='ocrx_word' id='word_1_55' title='bbox 667 1445 848 1538; x_wconf 82' lang='lat' dir='ltr'><strong>sciebant,</strong></span> <span class='ocrx_word' id='word_1_56' title='bbox 886 1447 1038 1550; x_wconf 84' lang='lat' dir='ltr'><strong>ideoque</strong></span> <span class='ocrx_word' id='word_1_57' title='bbox 1074 1475 1123 1524; x_wconf 88' lang='lat' dir='ltr'><strong>ne</strong></span> <span class='ocrx_word' id='word_1_58' title='bbox 1162 1448 1259 1524; x_wconf 81' lang='lat' dir='ltr'><strong>corda</strong></span> 
     </span>
     <span class='ocr_line' id='line_1_11' title="bbox 196 1563 1260 1666; baseline 0.005 -28"><span class='ocrx_word' id='word_1_59' title='bbox 196 1581 369 1641; x_wconf 76' lang='lat' dir='ltr'><strong>renovata</strong></span> <span class='ocrx_word' id='word_1_60' title='bbox 401 1579 609 1639; x_wconf 86' lang='lat' dir='ltr'><strong>sanctorum</strong></span> <span class='ocrx_word' id='word_1_61' title='bbox 643 1563 811 1642; x_wconf 86' lang='lat' dir='ltr'><strong>lethifero</strong></span> <span class='ocrx_word' id='word_1_62' title='bbox 847 1567 1010 1666; x_wconf 83' lang='lat' dir='ltr'><strong>germine</strong></span> <span class='ocrx_word' id='word_1_63' title='bbox 1044 1567 1260 1643; x_wconf 80' lang='lat' dir='ltr'><strong>zizaniorum</strong></span> 
     </span>
     <span class='ocr_line' id='line_1_12' title="bbox 196 1678 1258 1781; baseline 0.002 -25"><span class='ocrx_word' id='word_1_64' title='bbox 196 1679 354 1757; x_wconf 72' lang='lat' dir='ltr'><strong>fedaret</strong></span> <span class='ocrx_word' id='word_1_65' title='bbox 363 1678 616 1781; x_wconf 76' lang='lat' dir='ltr'><strong>providebant.</strong></span> <span class='ocrx_word' id='word_1_66' title='bbox 630 1681 885 1773; x_wconf 90' lang='lat' dir='ltr'><strong>Postmodum,</strong></span> <span class='ocrx_word' id='word_1_67' title='bbox 899 1697 940 1756; x_wconf 90' lang='lat' dir='ltr'><strong>ut</strong></span> <span class='ocrx_word' id='word_1_68' title='bbox 957 1686 1070 1758; x_wconf 79' lang='lat' dir='ltr'><strong>Lucas</strong></span> <span class='ocrx_word' id='word_1_69' title='bbox 1083 1686 1137 1758; x_wconf 89' lang='lat' dir='ltr'><strong>ait</strong></span> <span class='ocrx_word' id='word_1_70' title='bbox 1150 1687 1258 1759; x_wconf 84' lang='lat' dir='ltr'><strong>Evan·</strong></span> 
     </span>
     <span class='ocr_line' id='line_1_13' title="bbox 195 1796 1258 1899; baseline 0.006 -26"><span class='ocrx_word' id='word_1_71' title='bbox 195 1796 344 1899; x_wconf 84' lang='lat' dir='ltr'><strong>gelista,</strong></span> <span class='ocrx_word' id='word_1_72' title='bbox 370 1796 488 1872; x_wconf 81' lang='lat' dir='ltr'><strong>risum</strong></span> <span class='ocrx_word' id='word_1_73' title='bbox 509 1810 563 1871; x_wconf 86' lang='lat' dir='ltr'><strong>est</strong></span> <span class='ocrx_word' id='word_1_74' title='bbox 593 1796 643 1871; x_wconf 90' lang='lat' dir='ltr'><strong>eis</strong></span> <span class='ocrx_word' id='word_1_75' title='bbox 669 1812 711 1870; x_wconf 91' lang='lat' dir='ltr'><strong>ut</strong></span> <span class='ocrx_word' id='word_1_76' title='bbox 734 1797 865 1872; x_wconf 88' lang='lat' dir='ltr'><strong>Paulus</strong></span> <span class='ocrx_word' id='word_1_77' title='bbox 891 1816 1138 1876; x_wconf 79' lang='lat' dir='ltr'><strong>reverteretur</strong></span> <span class='ocrx_word' id='word_1_78' title='bbox 1162 1803 1258 1878; x_wconf 78' lang='lat' dir='ltr'><strong>Jeru-</strong></span> 
     </span>
     <span class='ocr_line' id='line_1_14' title="bbox 195 1912 1256 2017; baseline 0.001 -25"><span class='ocrx_word' id='word_1_79' title='bbox 195 1915 363 2015; x_wconf 85' lang='lat' dir='ltr'><strong>solymis,</strong></span> <span class='ocrx_word' id='word_1_80' title='bbox 381 1912 559 1991; x_wconf 87' lang='lat' dir='ltr'><strong>Barnabas</strong></span> <span class='ocrx_word' id='word_1_81' title='bbox 574 1929 694 1988; x_wconf 89' lang='lat' dir='ltr'><strong>autem</strong></span> <span class='ocrx_word' id='word_1_82' title='bbox 709 1929 888 2013; x_wconf 89' lang='lat' dir='ltr'><strong>repeteret</strong></span> <span class='ocrx_word' id='word_1_83' title='bbox 903 1915 1068 2017; x_wconf 84' lang='lat' dir='ltr'><strong>Cyprum</strong></span> <span class='ocrx_word' id='word_1_84' title='bbox 1082 1917 1256 1993; x_wconf 82' lang='lat' dir='ltr'><strong>civitaten</strong></span> 
     </span>
     <span class='ocr_line' id='line_1_15' title="bbox 195 2031 1255 2136; baseline 0.006 -31"><span class='ocrx_word' id='word_1_85' title='bbox 195 2031 366 2127; x_wconf 91' lang='lat' dir='ltr'><strong>suam,de</strong></span> <span class='ocrx_word' id='word_1_86' title='bbox 375 2057 444 2131; x_wconf 92' lang='lat' dir='ltr'><strong>qua</strong></span> <span class='ocrx_word' id='word_1_87' title='bbox 454 2045 556 2106; x_wconf 88' lang='lat' dir='ltr'><strong>ortus</strong></span> <span class='ocrx_word' id='word_1_88' title='bbox 564 2031 720 2130; x_wconf 81' lang='lat' dir='ltr'><strong>erat(a).</strong></span> <span class='ocrx_word' id='word_1_89' title='bbox 733 2033 911 2107; x_wconf 82' lang='lat' dir='ltr'><strong>loannem</strong></span> <span class='ocrx_word' id='word_1_90' title='bbox 919 2057 1007 2108; x_wconf 83' lang='lat' dir='ltr'><strong>vero</strong></span> <span class='ocrx_word' id='word_1_91' title='bbox 1017 2052 1255 2136; x_wconf 84' lang='lat' dir='ltr'><strong>cognomento</strong></span> 
     </span>
     <span class='ocr_line' id='line_1_16' title="bbox 192 2146 1252 2242; baseline 0.002 -18"><span class='ocrx_word' id='word_1_92' title='bbox 192 2151 360 2226; x_wconf 88' lang='lat' dir='ltr'><strong>Marcum</strong></span> <span class='ocrx_word' id='word_1_93' title='bbox 377 2149 416 2224; x_wconf 91' lang='lat' dir='ltr'><strong>in</strong></span> <span class='ocrx_word' id='word_1_94' title='bbox 431 2147 635 2223; x_wconf 86' lang='lat' dir='ltr'><strong>ministerio</strong></span> <span class='ocrx_word' id='word_1_95' title='bbox 649 2173 770 2222; x_wconf 84' lang='lat' dir='ltr'><strong>secum</strong></span> <span class='ocrx_word' id='word_1_96' title='bbox 786 2146 953 2223; x_wconf 84' lang='lat' dir='ltr'><strong>habebat.</strong></span> <span class='ocrx_word' id='word_1_97' title='bbox 974 2150 1043 2223; x_wconf 86' lang='lat' dir='ltr'><strong>llic</strong></span> <span class='ocrx_word' id='word_1_98' title='bbox 1065 2151 1252 2242; x_wconf 89' lang='lat' dir='ltr'><strong>nimirum,</strong></span> 
     </span>
     <span class='ocr_line' id='line_1_17' title="bbox 193 2264 1252 2370; baseline 0 -28"><span class='ocrx_word' id='word_1_99' title='bbox 193 2293 279 2343; x_wconf 91' lang='lat' dir='ltr'><strong>cum</strong></span> <span class='ocrx_word' id='word_1_100' title='bbox 296 2265 462 2342; x_wconf 87' lang='lat' dir='ltr'><strong>ethnicus</strong></span> <span class='ocrx_word' id='word_1_101' title='bbox 474 2280 583 2354; x_wconf 86' lang='lat' dir='ltr'><strong>esset,</strong></span> <span class='ocrx_word' id='word_1_102' title='bbox 599 2279 636 2338; x_wconf 91' lang='lat' dir='ltr'><strong>et</strong></span> <span class='ocrx_word' id='word_1_103' title='bbox 651 2290 734 2339; x_wconf 89' lang='lat' dir='ltr'><strong>cum</strong></span> <span class='ocrx_word' id='word_1_104' title='bbox 747 2264 918 2339; x_wconf 89' lang='lat' dir='ltr'><strong>Orduone</strong></span> <span class='ocrx_word' id='word_1_105' title='bbox 931 2266 1029 2342; x_wconf 92' lang='lat' dir='ltr'><strong>socio</strong></span> <span class='ocrx_word' id='word_1_106' title='bbox 1042 2293 1111 2344; x_wconf 91' lang='lat' dir='ltr'><strong>suo</strong></span> <span class='ocrx_word' id='word_1_107' title='bbox 1124 2267 1252 2370; x_wconf 85' lang='lat' dir='ltr'><strong>Cyrillo</strong></span> 
     </span>
     <span class='ocr_line' id='line_1_18' title="bbox 192 2381 1251 2487; baseline 0.002 -28"><span class='ocrx_word' id='word_1_108' title='bbox 192 2381 359 2485; x_wconf 87' lang='lat' dir='ltr'><strong>pontifici</strong></span> <span class='ocrx_word' id='word_1_109' title='bbox 381 2381 624 2457; x_wconf 82' lang='lat' dir='ltr'><strong>nefandissimi</strong></span> <span class='ocrx_word' id='word_1_110' title='bbox 646 2382 745 2456; x_wconf 83' lang='lat' dir='ltr'><strong>loris</strong></span> <span class='ocrx_word' id='word_1_111' title='bbox 768 2382 1012 2473; x_wconf 81' lang='lat' dir='ltr'><strong>ministraret,</strong></span> <span class='ocrx_word' id='word_1_112' title='bbox 1032 2385 1074 2460; x_wconf 93' lang='lat' dir='ltr'><strong>in</strong></span> <span class='ocrx_word' id='word_1_113' title='bbox 1090 2385 1177 2461; x_wconf 89' lang='lat' dir='ltr'><strong>loco</strong></span> <span class='ocrx_word' id='word_1_114' title='bbox 1199 2385 1251 2487; x_wconf 77' lang='lat' dir='ltr'><strong>qn·</strong></span> 
     </span>
    </p>
   </div>
   <div class='ocr_carea' id='block_1_2' title="bbox 191 2495 1251 2834">
    <p class='ocr_par' dir='ltr' id='par_1_3' title="bbox 191 2495 1251 2834">
     <span class='ocr_line' id='line_1_19' title="bbox 191 2495 1251 2609; baseline 0.003 -37"><span class='ocrx_word' id='word_1_115' title='bbox 191 2498 327 2609; x_wconf 70' lang='lat' dir='ltr'><strong>dicitur</strong></span> <span class='ocrx_word' id='word_1_116' title='bbox 350 2497 516 2574; x_wconf 86' lang='lat' dir='ltr'><strong>lc&#39;onium</strong></span> <span class='ocrx_word' id='word_1_117' title='bbox 538 2508 603 2596; x_wconf 85' lang='lat' dir='ltr'><strong>per¹</strong></span> <span class='ocrx_word' id='word_1_118' title='bbox 618 2495 816 2572; x_wconf 87' lang='lat' dir='ltr'><strong>Barnabam</strong></span> <span class='ocrx_word' id='word_1_119' title='bbox 839 2514 876 2572; x_wconf 91' lang='lat' dir='ltr'><strong>et</strong></span> <span class='ocrx_word' id='word_1_120' title='bbox 892 2497 1042 2573; x_wconf 87' lang='lat' dir='ltr'><strong>Paulum</strong></span> <span class='ocrx_word' id='word_1_121' title='bbox 1060 2500 1251 2602; x_wconf 78' lang='lat' dir='ltr'><strong>baptizatus</strong></span> 
     </span>
     <span class='ocr_line' id='line_1_20' title="bbox 191 2611 1248 2713; baseline 0.001 -25"><span class='ocrx_word' id='word_1_122' title='bbox 191 2630 265 2704; x_wconf 87' lang='lat' dir='ltr'><strong>est,</strong></span> <span class='ocrx_word' id='word_1_123' title='bbox 288 2629 325 2687; x_wconf 89' lang='lat' dir='ltr'><strong>et</strong></span> <span class='ocrx_word' id='word_1_124' title='bbox 341 2611 496 2688; x_wconf 90' lang='lat' dir='ltr'><strong>fideliter</strong></span> <span class='ocrx_word' id='word_1_125' title='bbox 511 2614 606 2713; x_wconf 90' lang='lat' dir='ltr'><strong>ipsos</strong></span> <span class='ocrx_word' id='word_1_126' title='bbox 626 2640 692 2712; x_wconf 89' lang='lat' dir='ltr'><strong>per</strong></span> <span class='ocrx_word' id='word_1_127' title='bbox 710 2612 867 2713; x_wconf 88' lang='lat' dir='ltr'><strong>plurima</strong></span> <span class='ocrx_word' id='word_1_128' title='bbox 882 2613 958 2689; x_wconf 90' lang='lat' dir='ltr'><strong>loca</strong></span> <span class='ocrx_word' id='word_1_129' title='bbox 980 2616 1178 2691; x_wconf 86' lang='lat' dir='ltr'><strong>comitatus</strong></span> <span class='ocrx_word' id='word_1_130' title='bbox 1192 2631 1248 2692; x_wconf 82' lang='lat' dir='ltr'><strong>ast.</strong></span> 
     </span>
     <span class='ocr_line' id='line_1_21' title="bbox 239 2728 1250 2834; baseline 0 -28"><span class='ocrx_word' id='word_1_131' title='bbox 239 2730 405 2830; x_wconf 85' lang='lat' dir='ltr'><strong>Denique</strong></span> <span class='ocrx_word' id='word_1_132' title='bbox 423 2728 511 2803; x_wconf 91' lang='lat' dir='ltr'><strong>dum</strong></span> <span class='ocrx_word' id='word_1_133' title='bbox 527 2728 691 2829; x_wconf 75' lang='lat' dir='ltr'><strong>praedicti</strong></span> <span class='ocrx_word' id='word_1_134' title='bbox 709 2729 863 2830; x_wconf 90' lang='lat' dir='ltr'><strong>apostoli</strong></span> <span class='ocrx_word' id='word_1_135' title='bbox 885 2731 923 2806; x_wconf 92' lang='lat' dir='ltr'><strong>in</strong></span> <span class='ocrx_word' id='word_1_136' title='bbox 940 2730 1158 2833; x_wconf 85' lang='lat' dir='ltr'><strong>Pamphylia</strong></span> <span class='ocrx_word' id='word_1_137' title='bbox 1170 2759 1250 2834; x_wconf 83' lang='lat' dir='ltr'><strong>pra·</strong></span> 
     </span>
    </p>
   </div>
   <div class='ocr_carea' id='block_1_3' title="bbox 187 2847 1249 3417">
    <p class='ocr_par' dir='ltr' id='par_1_4' title="bbox 187 2847 1249 3417">
     <span class='ocr_line' id='line_1_22' title="bbox 190 2847 1249 2951; baseline 0.004 -30"><span class='ocrx_word' id='word_1_138' title='bbox 190 2847 370 2942; x_wconf 88' lang='lat' dir='ltr'><strong>dicarent,</strong></span> <span class='ocrx_word' id='word_1_139' title='bbox 386 2862 423 2922; x_wconf 90' lang='lat' dir='ltr'><strong>et</strong></span> <span class='ocrx_word' id='word_1_140' title='bbox 434 2847 539 2920; x_wconf 92' lang='lat' dir='ltr'><strong>multi</strong></span> <span class='ocrx_word' id='word_1_141' title='bbox 553 2847 764 2922; x_wconf 85' lang='lat' dir='ltr'><strong>Judaeorum</strong></span> <span class='ocrx_word' id='word_1_142' title='bbox 776 2864 884 2950; x_wconf 86' lang='lat' dir='ltr'><strong>atque</strong></span> <span class='ocrx_word' id='word_1_143' title='bbox 894 2849 1087 2951; x_wconf 84' lang='lat' dir='ltr'><strong>gentilium</strong></span> <span class='ocrx_word' id='word_1_144' title='bbox 1099 2851 1249 2929; x_wconf 86' lang='lat' dir='ltr'><strong>Domino</strong></span> 
     </span>
     <span class='ocr_line' id='line_1_23' title="bbox 189 2965 1249 3068; baseline 0 -28"><span class='ocrx_word' id='word_1_145' title='bbox 189 2965 440 3057; x_wconf 82' lang='lat' dir='ltr'><strong>credidissent,</strong></span> <span class='ocrx_word' id='word_1_146' title='bbox 469 2965 625 3068; x_wconf 81' lang='lat' dir='ltr'><strong>angelica</strong></span> <span class='ocrx_word' id='word_1_147' title='bbox 649 2993 713 3066; x_wconf 89' lang='lat' dir='ltr'><strong>per</strong></span> <span class='ocrx_word' id='word_1_148' title='bbox 733 2982 879 3041; x_wconf 89' lang='lat' dir='ltr'><strong>noctem</strong></span> <span class='ocrx_word' id='word_1_149' title='bbox 903 2966 1041 3045; x_wconf 83' lang='lat' dir='ltr'><strong>visione</strong></span> <span class='ocrx_word' id='word_1_150' title='bbox 1062 2969 1183 3043; x_wconf 85' lang='lat' dir='ltr'><strong>risum</strong></span> <span class='ocrx_word' id='word_1_151' title='bbox 1205 2981 1249 3043; x_wconf 85' lang='lat' dir='ltr'><strong>est</strong></span> 
     </span>
     <span class='ocr_line' id='line_1_24' title="bbox 188 3083 1248 3184; baseline 0.001 -26"><span class='ocrx_word' id='word_1_152' title='bbox 188 3084 299 3159; x_wconf 86' lang='lat' dir='ltr'><strong>Paulo</strong></span> <span class='ocrx_word' id='word_1_153' title='bbox 317 3100 360 3159; x_wconf 90' lang='lat' dir='ltr'><strong>ut</strong></span> <span class='ocrx_word' id='word_1_154' title='bbox 376 3083 571 3159; x_wconf 86' lang='lat' dir='ltr'><strong>Jerusalem</strong></span> <span class='ocrx_word' id='word_1_155' title='bbox 591 3084 741 3158; x_wconf 89' lang='lat' dir='ltr'><strong>celerius</strong></span> <span class='ocrx_word' id='word_1_156' title='bbox 762 3101 973 3184; x_wconf 72' lang='lat' dir='ltr'><strong>properaret</strong></span> <span class='ocrx_word' id='word_1_157' title='bbox 996 3099 1033 3159; x_wconf 89' lang='lat' dir='ltr'><strong>et</strong></span> <span class='ocrx_word' id='word_1_158' title='bbox 1055 3085 1248 3161; x_wconf 85' lang='lat' dir='ltr'><strong>Bernabam</strong></span> 
     </span>
     <span class='ocr_line' id='line_1_25' title="bbox 188 3199 1248 3302; baseline 0.006 -29"><span class='ocrx_word' id='word_1_159' title='bbox 188 3201 241 3275; x_wconf 90' lang='lat' dir='ltr'><strong>ire</strong></span> <span class='ocrx_word' id='word_1_160' title='bbox 259 3200 423 3301; x_wconf 89' lang='lat' dir='ltr'><strong>Cyprum</strong></span> <span class='ocrx_word' id='word_1_161' title='bbox 441 3199 681 3299; x_wconf 86' lang='lat' dir='ltr'><strong>permitteret.</strong></span> <span class='ocrx_word' id='word_1_162' title='bbox 705 3199 825 3273; x_wconf 90' lang='lat' dir='ltr'><strong>Relata</strong></span> <span class='ocrx_word' id='word_1_163' title='bbox 843 3227 931 3276; x_wconf 85' lang='lat' dir='ltr'><strong>vero</strong></span> <span class='ocrx_word' id='word_1_164' title='bbox 953 3199 1113 3290; x_wconf 85' lang='lat' dir='ltr'><strong>visione,</strong></span> <span class='ocrx_word' id='word_1_165' title='bbox 1134 3200 1248 3302; x_wconf 74' lang='lat' dir='ltr'><strong>positis</strong></span> 
     </span>
     <span class='ocr_line' id='line_1_26' title="bbox 187 3314 1247 3417; baseline 0.001 -25"><span class='ocrx_word' id='word_1_166' title='bbox 187 3314 340 3417; x_wconf 83' lang='lat' dir='ltr'><strong>genibus</strong></span> <span class='ocrx_word' id='word_1_167' title='bbox 351 3330 567 3405; x_wconf 83' lang='lat' dir='ltr'><strong>oraverunt,</strong></span> <span class='ocrx_word' id='word_1_168' title='bbox 582 3331 619 3391; x_wconf 90' lang='lat' dir='ltr'><strong>et</strong></span> <span class='ocrx_word' id='word_1_169' title='bbox 631 3314 832 3397; x_wconf 82' lang='lat' dir='ltr'><strong>osculantes</strong></span> <span class='ocrx_word' id='word_1_170' title='bbox 844 3342 881 3393; x_wconf 91' lang='lat' dir='ltr'><strong>se</strong></span> <span class='ocrx_word' id='word_1_171' title='bbox 898 3316 1055 3392; x_wconf 86' lang='lat' dir='ltr'><strong>invicem</strong></span> <span class='ocrx_word' id='word_1_172' title='bbox 1068 3342 1155 3396; x_wconf 83' lang='lat' dir='ltr'><strong>cum</strong></span> <span class='ocrx_word' id='word_1_173' title='bbox 1169 3314 1247 3395; x_wconf 80' lang='lat' dir='ltr'><strong>utul-</strong></span> 
     </span>
    </p>
   </div>
   <div class='ocr_carea' id='block_1_4' title="bbox 184 3629 1244 4060">
    <p class='ocr_par' dir='ltr' id='par_1_5' title="bbox 217 3629 693 3706">
     <span class='ocr_line' id='line_1_27' title="bbox 217 3629 693 3706; baseline -0.004 -17"><span class='ocrx_word' id='word_1_174' title='bbox 217 3633 258 3706; x_wconf 85' lang='lat'><strong>(1)</strong></span> <span class='ocrx_word' id='word_1_175' title='bbox 275 3632 341 3689; x_wconf 85' lang='lat' dir='ltr'><strong>Act.</strong></span> <span class='ocrx_word' id='word_1_176' title='bbox 353 3641 444 3704; x_wconf 80' lang='lat' dir='ltr'><strong>apost.</strong></span> <span class='ocrx_word' id='word_1_177' title='bbox 454 3649 508 3699; x_wconf 78' lang='lat' dir='ltr'><strong>xiv,</strong></span> <span class='ocrx_word' id='word_1_178' title='bbox 522 3630 600 3701; x_wconf 80' lang='lat' dir='ltr'><strong>6-xv,</strong></span> <span class='ocrx_word' id='word_1_179' title='bbox 619 3629 693 3687; x_wconf 83' lang='lat'>1-51.</span> 
     </span>
    </p>

    <p class='ocr_par' dir='ltr' id='par_1_6' title="bbox 184 3719 1244 4060">
     <span class='ocr_line' id='line_1_28' title="bbox 218 3719 1244 3796; baseline 0 -19"><span class='ocrx_word' id='word_1_180' title='bbox 218 3723 258 3795; x_wconf 81' lang='lat' dir='ltr'><strong>(a)</strong></span> <span class='ocrx_word' id='word_1_181' title='bbox 275 3721 350 3779; x_wconf 83' lang='lat' dir='ltr'><strong>Ibid.</strong></span> <span class='ocrx_word' id='word_1_182' title='bbox 368 3740 415 3790; x_wconf 80' lang='lat' dir='ltr'><strong>xv,</strong></span> <span class='ocrx_word' id='word_1_183' title='bbox 430 3719 473 3796; x_wconf 84' lang='lat'><strong>39.</strong></span> <span class='ocrx_word' id='word_1_184' title='bbox 492 3721 532 3777; x_wconf 90' lang='lat' dir='ltr'><strong>Ce</strong></span> <span class='ocrx_word' id='word_1_185' title='bbox 545 3740 580 3777; x_wconf 91' lang='lat' dir='ltr'><strong>ne</strong></span> <span class='ocrx_word' id='word_1_186' title='bbox 593 3721 636 3778; x_wconf 82' lang='lat' dir='ltr'><strong>lat</strong></span> <span class='ocrx_word' id='word_1_187' title='bbox 653 3723 733 3796; x_wconf 87' lang='lat' dir='ltr'><strong>point</strong></span> <span class='ocrx_word' id='word_1_188' title='bbox 749 3739 822 3795; x_wconf 89' lang='lat' dir='ltr'><strong>pour</strong></span> <span class='ocrx_word' id='word_1_189' title='bbox 838 3732 985 3778; x_wconf 85' lang='lat' dir='ltr'><strong>retourner</strong></span> <span class='ocrx_word' id='word_1_190' title='bbox 998 3725 1015 3777; x_wconf 76' lang='lat' dir='ltr'><strong>a</strong></span> <span class='ocrx_word' id='word_1_191' title='bbox 1028 3721 1185 3777; x_wconf 73' lang='lat' dir='ltr'><strong>Jerusalem</strong></span> <span class='ocrx_word' id='word_1_192' title='bbox 1200 3736 1244 3795; x_wconf 78' lang='lat' dir='ltr'><strong>que</strong></span> 
     </span>
     <span class='ocr_line' id='line_1_29' title="bbox 184 3808 1243 3883; baseline -0.001 -18"><span class='ocrx_word' id='word_1_193' title='bbox 184 3810 257 3865; x_wconf 86' lang='lat' dir='ltr'><strong>saint</strong></span> <span class='ocrx_word' id='word_1_194' title='bbox 268 3809 336 3866; x_wconf 86' lang='lat' dir='ltr'><strong>Paul</strong></span> <span class='ocrx_word' id='word_1_195' title='bbox 349 3827 378 3865; x_wconf 90' lang='lat' dir='ltr'><strong>se</strong></span> <span class='ocrx_word' id='word_1_196' title='bbox 395 3812 491 3883; x_wconf 73' lang='lat' dir='ltr'><strong>separa</strong></span> <span class='ocrx_word' id='word_1_197' title='bbox 503 3808 539 3866; x_wconf 89' lang='lat' dir='ltr'><strong>de</strong></span> <span class='ocrx_word' id='word_1_198' title='bbox 552 3811 624 3865; x_wconf 85' lang='lat' dir='ltr'><strong>saint</strong></span> <span class='ocrx_word' id='word_1_199' title='bbox 635 3811 726 3878; x_wconf 82' lang='lat' dir='ltr'><strong>Marc,</strong></span> <span class='ocrx_word' id='word_1_200' title='bbox 740 3820 769 3866; x_wconf 89' lang='lat' dir='ltr'><strong>et</strong></span> <span class='ocrx_word' id='word_1_201' title='bbox 784 3809 859 3867; x_wconf 90' lang='lat' dir='ltr'><strong>leurs</strong></span> <span class='ocrx_word' id='word_1_202' title='bbox 874 3809 973 3866; x_wconf 85' lang='lat' dir='ltr'><strong>adieux</strong></span> <span class='ocrx_word' id='word_1_203' title='bbox 989 3827 1024 3864; x_wconf 89' lang='lat' dir='ltr'><strong>ne</strong></span> <span class='ocrx_word' id='word_1_204' title='bbox 1037 3811 1193 3882; x_wconf 76' lang='lat' dir='ltr'><strong>paraissent</strong></span> <span class='ocrx_word' id='word_1_205' title='bbox 1205 3823 1243 3881; x_wconf 77' lang='lat' dir='ltr'><strong>pst</strong></span> 
     </span>
     <span class='ocr_line' id='line_1_30' title="bbox 184 3898 1242 3974; baseline -0.001 -19"><span class='ocrx_word' id='word_1_206' title='bbox 184 3901 262 3955; x_wconf 87' lang='lat' dir='ltr'><strong>avoir</strong></span> <span class='ocrx_word' id='word_1_207' title='bbox 271 3901 315 3954; x_wconf 74' lang='lat' dir='ltr'><strong>ete</strong></span> <span class='ocrx_word' id='word_1_208' title='bbox 332 3899 404 3953; x_wconf 87' lang='lat' dir='ltr'><strong>aussi</strong></span> <span class='ocrx_word' id='word_1_209' title='bbox 416 3898 568 3954; x_wconf 85' lang='lat' dir='ltr'><strong>affcctueux</strong></span> <span class='ocrx_word' id='word_1_210' title='bbox 583 3916 638 3973; x_wconf 87' lang='lat' dir='ltr'><strong>que</strong></span> <span class='ocrx_word' id='word_1_211' title='bbox 652 3899 677 3954; x_wconf 91' lang='lat' dir='ltr'><strong>le</strong></span> <span class='ocrx_word' id='word_1_212' title='bbox 692 3910 823 3974; x_wconf 85' lang='lat' dir='ltr'><strong>rapporte</strong></span> <span class='ocrx_word' id='word_1_213' title='bbox 840 3910 920 3955; x_wconf 90' lang='lat' dir='ltr'><strong>notre</strong></span> <span class='ocrx_word' id='word_1_214' title='bbox 933 3908 1031 3955; x_wconf 85' lang='lat' dir='ltr'><strong>auteur</strong></span> <span class='ocrx_word' id='word_1_215' title='bbox 1049 3898 1121 3954; x_wconf 89' lang='lat' dir='ltr'><strong>dans</strong></span> <span class='ocrx_word' id='word_1_216' title='bbox 1136 3899 1162 3954; x_wconf 89' lang='lat' dir='ltr'><strong>le</strong></span> <span class='ocrx_word' id='word_1_217' title='bbox 1175 3915 1242 3972; x_wconf 81' lang='lat' dir='ltr'><strong>pan·</strong></span> 
     </span>
     <span class='ocr_line' id='line_1_31' title="bbox 187 3984 1241 4060; baseline -0.003 -21"><span class='ocrx_word' id='word_1_218' title='bbox 187 3986 290 4060; x_wconf 80' lang='lat' dir='ltr'><strong>graphe</strong></span> <span class='ocrx_word' id='word_1_219' title='bbox 300 3985 416 4040; x_wconf 88' lang='lat' dir='ltr'><strong>suivant.</strong></span> <span class='ocrx_word' id='word_1_220' title='bbox 432 3986 520 4040; x_wconf 85' lang='lat' dir='ltr'><strong>Facta</strong></span> <span class='ocrx_word' id='word_1_221' title='bbox 530 3995 571 4041; x_wconf 78' lang='lat' dir='ltr'><strong>est</strong></span> <span class='ocrx_word' id='word_1_222' title='bbox 579 3997 673 4042; x_wconf 83' lang='lat' dir='ltr'><strong>cutem</strong></span> <span class='ocrx_word' id='word_1_223' title='bbox 685 3987 834 4058; x_wconf 69' lang='lat' dir='ltr'><strong>dissensio,</strong></span> <span class='ocrx_word' id='word_1_224' title='bbox 849 3990 889 4041; x_wconf 85' lang='lat' dir='ltr'><strong>ita</strong></span> <span class='ocrx_word' id='word_1_225' title='bbox 899 3997 930 4042; x_wconf 81' lang='lat' dir='ltr'><strong>ul</strong></span> <span class='ocrx_word' id='word_1_226' title='bbox 943 3985 1122 4042; x_wconf 78' lang='lat' dir='ltr'><strong>discederent</strong></span> <span class='ocrx_word' id='word_1_227' title='bbox 1134 3987 1171 4042; x_wconf 87' lang='lat' dir='ltr'><strong>ab</strong></span> <span class='ocrx_word' id='word_1_228' title='bbox 1184 3984 1241 4040; x_wconf 81' lang='lat' dir='ltr'><strong>invi·</strong></span> 
     </span>
    </p>
   </div>
   <div class='ocr_carea' id='block_1_5' title="bbox 184 4074 1240 4237">
    <p class='ocr_par' dir='ltr' id='par_1_7' title="bbox 184 4074 1240 4237">
     <span class='ocr_line' id='line_1_32' title="bbox 185 4074 1240 4154; baseline 0.003 -24"><span class='ocrx_word' id='word_1_229' title='bbox 185 4095 257 4145; x_wconf 83' lang='lat' dir='ltr'><strong>cem,</strong></span> <span class='ocrx_word' id='word_1_230' title='bbox 272 4074 362 4131; x_wconf 86' lang='lat' dir='ltr'><strong>disent</strong></span> <span class='ocrx_word' id='word_1_231' title='bbox 375 4074 415 4132; x_wconf 88' lang='lat' dir='ltr'><strong>les</strong></span> <span class='ocrx_word' id='word_1_232' title='bbox 427 4077 514 4132; x_wconf 82' lang='lat' dir='ltr'><strong>Actes</strong></span> <span class='ocrx_word' id='word_1_233' title='bbox 525 4075 576 4130; x_wconf 83' lang='lat' dir='ltr'><strong>des</strong></span> <span class='ocrx_word' id='word_1_234' title='bbox 590 4077 769 4149; x_wconf 75' lang='lat' dir='ltr'><strong>Apdtres.1ae</strong></span> <span class='ocrx_word' id='word_1_235' title='bbox 781 4078 953 4154; x_wconf 67' lang='lat' dir='ltr'><strong>pangi-apte</strong></span> <span class='ocrx_word' id='word_1_236' title='bbox 965 4077 1075 4134; x_wconf 80' lang='lat' dir='ltr'><strong>suivant</strong></span> <span class='ocrx_word' id='word_1_237' title='bbox 1087 4077 1160 4134; x_wconf 83' lang='lat' dir='ltr'><strong>n’est</strong></span> <span class='ocrx_word' id='word_1_238' title='bbox 1168 4074 1240 4150; x_wconf 75' lang='lat' dir='ltr'><strong>qn’ut</strong></span> 
     </span>
     <span class='ocr_line' id='line_1_33' title="bbox 184 4163 581 4237; baseline 0 -17"><span class='ocrx_word' id='word_1_239' title='bbox 184 4163 286 4222; x_wconf 88' lang='lat' dir='ltr'><strong>double</strong></span> <span class='ocrx_word' id='word_1_240' title='bbox 297 4163 398 4237; x_wconf 90' lang='lat' dir='ltr'><strong>emploi</strong></span> <span class='ocrx_word' id='word_1_241' title='bbox 413 4163 447 4220; x_wconf 87' lang='lat' dir='ltr'><strong>dc</strong></span> <span class='ocrx_word' id='word_1_242' title='bbox 460 4164 581 4220; x_wconf 89' lang='lat' dir='ltr'><strong>celui-ci.</strong></span> 
     </span>
    </p>
   </div>
   <div class='ocr_carea' id='block_1_6' title="bbox 0 0 1452 4958">
    <p class='ocr_par' dir='ltr' id='par_1_8' title="bbox 0 0 1452 4958">
     <span class='ocr_line' id='line_1_34' title="bbox 0 0 1452 4958; baseline 0 5"><span class='ocrx_word' id='word_1_243' title='bbox 0 0 1452 4958; x_wconf 95' lang='lat' dir='ltr'><strong> </strong></span> 
     </span>
    </p>
   </div>
  </div>
 </body>
</html>
