2894 4958
581 471 791 536 rhombus,
1197 476 1216 538 3

154 596 484 675 transmittantur.
496 596 557 674 De
565 596 684 674 rebus
693 596 980 693 ecclesiasticis,
993 613 1039 675 ut
1048 598 1216 706 simplex

153 738 322 818 ecclesiae
351 738 471 835 lilius,
499 739 651 818 sincere
675 739 752 818 fari
782 736 975 847 dispono;
1000 757 1040 819 et
1064 742 1218 849 priscos

153 898 286 991 patres
311 908 386 991 pro
414 909 529 990 posse
555 882 796 995 moduloque
819 913 908 964 meo
934 887 1025 964 nisu
1051 914 1220 998 sequens

154 1024 312 1124 sedulo,
331 1025 546 1107 modernos
565 1027 886 1107 Christianorum
900 1044 1063 1109 eventus
1081 1032 1220 1110 rimari

154 1189 194 1252 et
219 1174 430 1282 propalare
455 1191 592 1282 satago
622 1204 631 1252 ι
658 1172 766 1253 unde
791 1202 963 1282 praesens
986 1176 1221 1284 opusculum

154 1318 701 1398 EcclesiasticamHirtoriam
710 1318 900 1427 appellari
908 1319 1223 1421 affectoQuam·

155 1465 213 1542 vis
234 1465 341 1543 enim
363 1492 426 1570 res
445 1461 751 1563 Alexandrinas,
773 1494 841 1545 seu
861 1465 1040 1564 Graecas,
1061 1468 1121 1547 vel
1140 1469 1222 1547 Ro-

154 1637 310 1708 manas,
325 1610 498 1721 aliasque
511 1610 637 1689 relatu
651 1609 791 1719 dignas
804 1610 995 1718 indagare
1007 1640 1221 1723 nequeam,

155 1757 249 1866 quia
268 1756 485 1836 claustralis
506 1756 707 1836 coenobita
727 1785 775 1836 ex
795 1759 964 1865 proprio
983 1776 1078 1839 voto
1098 1787 1222 1867 cogor

155 1900 480 2010 irrefragabiliter
502 1901 607 1980 ferre
626 1899 892 1980 monachilem
909 1900 1220 2002 observantiam

156 2074 201 2124 ea
215 2065 347 2127 tamen
367 2076 454 2158 quae
472 2064 611 2127 nostro
627 2063 807 2153 tempore
824 2040 923 2144 vidi,
934 2046 1002 2125 <vel
1022 2049 1065 2126 in
1080 2048 1221 2128 vicinis

157 2192 387 2298 regionibus
429 2189 616 2270 accidisse
657 2190 863 2297 comperi,
907 2188 1069 2269 elaboro
1108 2194 1221 2270 coni-

155 2337 275 2417 bente
293 2339 348 2442 (1)
371 2338 456 2415 Deo
480 2337 711 2445 simpliciter
735 2353 775 2416 et
799 2337 991 2415 veraciter
1016 2338 1221 2417 enucleare

156 2499 408 2589 posterorum
419 2479 612 2588 indagini.
624 2481 811 2559 Firmiter
821 2509 868 2559 ex
882 2483 1109 2591 conjectura
1124 2512 1221 2590 prae-

157 2628 367 2706 teritorum
387 2627 533 2734 opinor
552 2623 662 2737 quod
688 2644 873 2734 exsurget
898 2628 987 2736 quis
1007 2655 1070 2705 me
1093 2628 1220 2708 multo

158 2771 442 2878 perspicacior,
466 2768 580 2849 acad
602 2767 851 2877 indagandos
874 2769 1219 2871 multimodarum,

157 2942 244 3024 quae
259 2942 332 3022 per
347 2915 486 2994 orbem
505 2913 626 3013 fiunt,
644 2943 779 2993 rerum
797 2932 977 3012 eventus,
994 2919 1219 3023 potentior;

158 3060 227 3169 qui
252 3060 421 3139 forsitan
451 3058 500 3137 de
525 3061 622 3139 meis
655 3059 902 3169 aliorumque
927 3061 1006 3138 mei
1031 3061 1220 3140 similium

159 3203 325 3285 scedulis
344 3205 499 3283 hauriet
514 3202 622 3315 quod
637 3205 969 3314 chronographiae
987 3207 1220 3285 narrationi·

159 3380 234 3462 que
246 3380 324 3432 suae
338 3349 550 3459 dignanter
561 3348 613 3430 ad
626 3353 811 3430 notitiam
822 3351 1049 3430 futurorum
1061 3352 1220 3433 inseret.

158 3498 401 3607 Praecipuam
414 3526 557 3605 nempe
577 3499 620 3575 in
636 3497 714 3575 hoc
731 3493 920 3574 fiduciam
940 3495 1088 3594 habeo,
1112 3497 1223 3609 quod

159 3644 355 3751 hocopus
375 3644 522 3752 incoepi
535 3640 750 3723 venerandi
770 3643 875 3722 senis
891 3643 1053 3750 Rogerii
1065 3644 1223 3724 abbatis

160 3789 329 3898 simplici
353 3806 577 3899 praecepto,
601 3789 778 3900 tibique,
803 3806 916 3899 pater
941 3792 1120 3870 Guarine
1142 3790 1223 3899 (2),

196 4086 235 4158 (ι)
253 4085 405 4155 conium,
422 4087 586 4156 conhibere,
608 4087 738 4144 cohibere
759 4110 765 4140 :
784 4089 928 4156 ωεειιῑίνί,
949 4089 1106 4161 connivere,
1127 4107 1143 4142 c
1164 4089 1227 4143 <eis

162 4185 240 4233 motu
251 4179 434 4252 acquiescere.

197 4265 238 4336 (a)
254 4264 364 4323 Guerin
376 4263 425 4321 der
443 4264 549 4322 Bm
567 4282 605 4322 ou
615 4264 643 4322 le
652 4265 743 4336 Petit,
763 4263 974 4338 probablement
990 4264 1141 4338 origiuaire
1153 4263 1189 4321 de
1201 4264 1228 4320 la
