2894 4958
185 422 245 480 282
461 412 645 480 uts‘routt
662 415 974 486 ‘Eccttstts‘rtcu

184 537 343 610 Effidima
360 535 436 635 (r),
460 562 543 638 quae
560 561 625 636 per
640 534 846 610 doctrinam
866 537 978 611 Sosiae
993 562 1168 611 conamus
1185 536 1257 613 lue·

184 670 260 744 rat,
286 651 491 753 apostolum
511 654 652 754 rogavit
674 670 715 726 ut
738 654 898 729 visitaret
919 653 1157 728 Maximillam
1175 681 1256 756 qus,-

184 770 426 847 febricitabat.
447 770 495 843 At
510 771 570 845 ille
584 771 687 845 venit
697 770 742 845 ad
754 768 965 845 cubiculum
979 771 1154 861 infirme,
1167 799 1255 872 prae·

186 889 334 964 cedente
346 888 531 978 Effidima3
552 904 589 964 et
604 889 696 962 faeta
710 889 875 963 oratioue
884 942 896 979 ,
917 887 1030 964 febris
1042 903 1098 963 est
1113 887 1252 990 fugata,

185 1005 386 1107 mulierque
404 1022 538 1079 sanata
556 1004 886 1079 Proconsulautem
902 1021 1049 1080 centum
1068 1022 1254 1106 argeuteoe

185 1141 309 1198 sancto
323 1125 387 1200 Dei
401 1122 557 1211 obtulit,
572 1149 664 1224 quos
678 1123 739 1197 ille
753 1147 820 1197 nec
834 1123 992 1223 aspicere
1004 1123 1133 1198 voluit
1143 1122 1254 1195 Gum-

185 1267 256 1342 que
277 1240 389 1314 multa
412 1241 510 1341 signa
536 1268 602 1340 per
624 1237 770 1315 beatum
791 1240 995 1341 apostolum
1019 1239 1118 1340 apud
1140 1246 1255 1313 Patras

186 1373 391 1457 agerentur,
407 1371 445 1429 et
456 1356 577 1456 plures
587 1383 653 1455 per
665 1356 911 1456 corporalium
923 1356 1170 1433 exhibitiones
1181 1357 1254 1457 opt

188 1475 406 1550 tulationum
417 1473 462 1548 ad
472 1472 580 1547 fidem
593 1472 728 1547 Christi
739 1473 1049 1574 pertraherentur,
1064 1471 1253 1548 Stratocles

188 1591 301 1667 frater
317 1592 424 1692 Egere
445 1590 673 1690 proconsulis
693 1589 839 1664 advenit
856 1589 901 1666 de
917 1589 1037 1678 ltalia3
1062 1591 1169 1689 eujus
1184 1615 1254 1663 aer-

187 1732 253 1780 vus
270 1709 419 1783 nomine
438 1707 613 1808 Algmana
633 1709 690 1806 (a)
700 1761 712 1796 ,
729 1733 839 1808 quem
855 1706 957 1780 valde
971 1703 1169 1806 diligebat,
1189 1706 1254 1778 im-

187 1828 293 1927 pulsu
310 1826 486 1900 daemonis
499 1852 668 1926 spumans
686 1828 723 1899 in
743 1827 836 1900 atrio
850 1823 1003 1925 jacebat.
1018 1826 1113 1898 Ecce
1129 1848 1254 1924 magno

188 1944 350 2019 tumultu
365 1945 483 2028 facto,
500 1960 538 2017 et
555 1943 732 2018 Stratocle
753 1945 869 2018 nimio
888 1944 999 2017 animi
1015 1942 1147 2016 dolore
1161 1966 1255 2019 com·

188 2080 313 2157 moto,
332 2062 563 2138 suadentibus
581 2061 774 2135 Maximilla
792 2078 829 2135 et
845 2061 1029 2148 Effidima,
1047 2059 1178 2134 beatus
1190 2059 1255 2134 Aa

189 2181 290 2256 dress
302 2181 493 2254 accersitus
508 2196 582 2269 est,
599 2180 748 2280 ipsoque
759 2195 904 2268 orante,
917 2177 1256 2277 daemoniacusputr

190 2315 331 2373 sanatus
348 2313 415 2371 est.
435 2296 629 2373 Stratocles
647 2323 734 2397 ergo
757 2297 796 2370 iu
814 2296 1014 2370 Dominum
1034 2294 1210 2384 credidit,
1225 2306 1257 2367 et

193 2416 231 2486 in
254 2414 323 2489 fide
345 2413 588 2503 confortatus,
608 2416 652 2488 ad
675 2412 894 2488 audiendum
917 2412 1072 2486 verbum
1089 2412 1157 2486 Ilei
1180 2435 1259 2511 apo·

191 2529 286 2604 stolo
300 2528 462 2604 adhaesit.
482 2532 594 2632 Egeas
606 2532 646 2604 in
663 2530 909 2605 Macedoniam
926 2528 1083 2618 abierat,
1102 2528 1257 2603 sistant

192 2646 310 2738 milla,
330 2672 412 2748 quae
429 2648 604 2747 spirituali
620 2673 742 2722 amore
755 2646 935 2736 fervebat,
950 2646 1257 2746 opportunitatem

193 2780 235 2835 ut
251 2764 435 2838 coelestem
452 2763 656 2839 doctrinam
672 2762 718 2836 ab
735 2764 900 2862 apostolo
919 2763 1124 2863 perciperet
1143 2761 1257 2864 quoti·

192 2879 251 2955 die
259 2879 461 2980 quaerebat,
473 2908 513 2953 ac
524 2881 567 2952 ad
580 2907 662 2954 eum
673 2878 800 2953 devota
812 2876 989 2953 veniebat.
1001 2879 1132 2978 Magna
1146 2878 1258 2978 itaque

195 2995 441 3098 indignatione
466 2998 662 3096 proconsul
688 3013 815 3072 contra
845 2996 1047 3098 apostolum
1075 3018 1257 3069 succensus

194 3129 290 3200 crat,
309 3113 467 3214 eoquod
486 3140 580 3188 uxor
597 3117 672 3213 ejus
693 3131 774 3213 post
790 3129 977 3212 acceptum
993 3110 1123 3211 dogma
1144 3104 1258 3184 salutis

195 3229 226 3301 ei
246 3230 415 3331 conjungi
434 3228 594 3304 nolebat.

246 3348 388 3420 Amodo
404 3348 605 3446 passionem
626 3345 819 3420 beatissimi
837 3346 991 3419 Arrdreoe
1008 3343 1166 3444 apostoli
1182 3342 1258 3417 bre·

195 3464 288 3538 viter
303 3480 498 3557 annotare,
516 3479 553 3536 et
571 3461 696 3537 libello
715 3477 843 3536 nostro
859 3462 960 3535 nitor
977 3461 1156 3534 veraciter
1175 3461 1257 3533 inse·

194 3606 292 3666 rere3
306 3605 413 3679 quam
431 3578 634 3654 recondidit
654 3579 692 3652 in
712 3575 942 3652 bibliothecis
960 3577 1033 3649 suis
1050 3575 1097 3648 ab
1115 3576 1258 3677 antiquo

196 3711 376 3794 tempore,
392 3713 429 3770 et
447 3695 600 3769 fideliter
616 3697 744 3769 recitat
760 3696 818 3794 pia
832 3692 977 3768 devotio
995 3707 1129 3765 sanctae
1144 3689 1259 3764 matr-'s

197 3813 375 3885 Ecclesiae.
400 3813 502 3885 lllam
519 3814 692 3886 nimirum
709 3812 911 3914 presbyteri
934 3827 971 3884 et
985 3810 1129 3884 diaconi
1156 3809 1259 3884 eccle·

232 4104 270 4173 (1)
289 4105 363 4158 Lisca
378 4129 383 4156 :
398 4105 562 4176 t'pttdmna
577 4126 613 4163 ou
627 4108 799 4179 [phialam.

233 4194 271 4262 (a)
289 4194 364 4250 Lisez
382 4218 386 4248 :
403 4195 536 4250 Alcman.
