2894 4958
538 403 655 469 LIBER
673 405 883 471 SECUNDUS.
1183 411 1242 474 3⁸7

182 524 411 608 ‚Christianos
431 527 596 624 peremit.
625 528 722 601 Caesa
743 554 829 604 vero
851 526 1103 618 multitudine,
1128 531 1246 605 solum

188 644 411 722 Clementem
434 642 539 741 jussit
561 643 605 721 ad
633 669 730 718 mare
755 644 901 744 perduci
930 661 966 720 et
988 643 1182 721 anchoram
1203 649 1248 721 ad

183 760 326 840 collum
343 760 421 856 ejus
443 757 546 859 ligari
569 776 605 835 et
630 761 668 833 in
692 762 852 835 medium
875 762 983 834 maris
1008 763 1247 863 praecipitari,

189 904 238 952 ne
259 904 279 950 a
302 875 511 953 Christianis
525 893 646 976 posset
668 878 820 953 inveniri
840 892 876 953 et
896 877 1051 978 prodeo
1072 880 1247 954 venerari.

188 993 300 1088 -Quod
316 993 461 1094 quando
473 993 609 1069 factum
630 1009 736 1084 esset,
750 993 893 1071 Phoebo
908 1011 944 1070 et
956 996 1126 1068 Cornelio
1141 997 1252 1069 disci-

191 1112 287 1212 pulis
299 1111 410 1184 sancti
423 1106 954 1188 Clementiscummultitudine
965 1107 1254 1189 Christianorum

190 1226 238 1301 ad
260 1226 364 1302 littus
386 1224 564 1300 stantibus
590 1239 733 1302 etcum
756 1222 845 1297 fletu
872 1222 1059 1298 orantibus
1071 1279 1082 1314 ,
1111 1228 1255 1301 recessit

186 1370 293 1419 mare
309 1344 347 1417 in
362 1344 480 1419 sinum
505 1368 610 1415 suum
630 1369 695 1441 per
713 1343 781 1414 tria
800 1341 877 1415 sere
892 1341 1027 1430 millia,
1048 1357 1085 1416 et
1105 1344 1253 1444 ingressi

192 1459 403 1560 persiccum
417 1457 542 1557 populi
557 1456 677 1531 videre
689 1455 879 1529 mirabilia.
895 1455 1145 1530 Habitaculum
1159 1485 1258 1531 nam·

192 1602 266 1677 que
281 1575 497 1649 invenerunt
513 1574 553 1645 in
570 1573 719 1648 modum
741 1573 865 1672 templi
884 1576 1075 1648 marmorei
1091 1575 1258 1676 angelicis

161 1789 163 1792 Α
188 1691 361 1769 manibus
378 1706 562 1792 paratum,
582 1689 705 1790 ibique
725 1691 763 1762 in
781 1715 860 1762 arca
880 1714 980 1763 saxea
997 1714 1129 1790 corpus
1144 1692 1258 1764 sancti

187 1810 390 1886 Allerneutis
413 1810 573 1910 positum
594 1808 796 1881 ministerio
812 1806 1042 1906 angelorum,
1065 1809 1113 1880 ita
1132 1822 1174 1881 ut
1190 1836 1258 1882 an-

195 1925 325 2016 chora,
350 1953 434 2000 cum
458 1952 529 2026 qua
548 1925 676 1999 missus
698 1940 769 2012 est,
790 1925 907 2024 posita
930 1935 1019 1998 esset
1037 1927 1139 2024 juxta
1162 1951 1257 1999 eum.

193 2041 386 2141 Discipulis
404 2057 524 2120 autem
540 2044 615 2139 ejus
628 2040 827 2117 revelatum
842 2056 896 2113 est
914 2065 960 2114 ne
972 2065 1055 2112 eum
1069 2040 1258 2130 tollerent3

189 2161 283 2261 quia
305 2159 407 2235 omni
422 2160 481 2236 die
503 2157 675 2258 passionis
698 2159 772 2254 ejus
794 2181 893 2229 mare
915 2155 1117 2243 recederet,
1141 2172 1178 2230 et
1197 2181 1263 2256 per

191 2290 334 2376 septem
349 2276 423 2352 dies
441 2271 711 2361 aduenientibus
725 2274 860 2349 siccum
876 2273 946 2347 iter
959 2271 1153 2372 praeberet.
1169 2273 1263 2347 Mul·

193 2392 245 2467 tis
270 2391 321 2465 ibi
341 2390 569 2466 mirabilibus
588 2389 715 2478 tectis,
736 2414 862 2465 omnes
876 2389 1027 2489 gentiles
1050 2415 1262 2490 pergyrum

195 2509 430 2584 erediderunt
449 2507 654 2596 Christum,
674 2523 711 2581 et
731 2506 953 2581 famulantur
974 2507 1005 2581 ei
1030 2507 1093 2607 qui
1115 2507 1205 2580 vivit
1227 2520 1264 2581 et

197 2639 326 2726 regnat
340 2651 407 2723 per
424 2625 545 2698 omnia
559 2622 693 2699 ‚saecula
710 2621 938 2699 saeculorum.
958 2622 1074 2696 Amen
1093 2624 1109 2721 (
1133 2623 1164 2720 ).

247 2741 414 2816 Clemens
424 2740 613 2816 constituit
625 2754 666 2813 ut
678 2739 798 2815 altaris
809 2739 918 2837 palla,
935 2737 1119 2832 cathedra,
1133 2737 1263 2815 cande-

199 2855 356 2946 labrum,
369 2858 396 2930 si
406 2871 580 2931 vetutaste
589 2870 800 2953 consumpta
810 2854 962 2943 suerint,
971 2870 1260 2928 concrementur.

245 2971 440 3056 ‚Anacletus
451 2970 620 3064 Graecus,
635 2970 679 3053 de
698 2968 869 3058 Athenis,
884 2970 976 3044 sedit
988 2970 1091 3043 annis
1105 2995 1145 3043 tx
1157 2997 1264 3048 men-

199 3088 298 3161 sibus
312 3114 338 3161 11
352 3088 477 3163 diebus
489 3115 516 3161 -x
522 3117 535 3178 3
553 3114 628 3190 quo
643 3087 817 3160 defuncto
834 3093 890 3160 111⁰
907 3088 986 3161 idus
997 3087 1099 3186 julii,
1117 3089 1264 3161 cessarit

200 3205 425 3305 episcopatus
441 3205 566 3297 diebus
588 3229 667 3284 xvr.
687 3205 754 3276 Hic
776 3203 933 3277 decrevit
953 3219 995 3276 ut
1017 3207 1192 3279 accusatio
1209 3233 1265 3279 sa-

201 3319 391 3411 cerdotum
414 3348 490 3397 non
508 3321 627 3415 fieret,
647 3321 716 3397 nisi
737 3320 782 3393 ab
799 3319 934 3395 idoneis
951 3337 988 3395 et
1008 3319 1265 3421 probatissimis

202 3434 311 3523 viris,
324 3434 388 3535 qui
402 3433 664 3533 suspicionibus
681 3452 822 3509 careant
839 3438 907 3535 (a).
983 3512 986 3521 ⁸

237 3713 279 3785 (ι)
296 3709 343 3781 (23
353 3711 460 3784 janvier
470 3711 555 3788 91-23
568 3713 717 3771 novembre
733 3714 803 3783 roo.)
816 3710 1033 3769 lesdetailssur
1042 3712 1115 3768 saint
1121 3712 1264 3783 clement,

204 3800 357 3859 micam&
377 3801 445 3858 dans
464 3820 495 3858 oe
511 3803 683 3876 paragraphe
702 3813 731 3859 et
749 3803 776 3858 le
793 3800 956 3875 precedent,
976 3811 1039 3856 sont
1050 3801 1269 3872 *completement

204 3891 391 3965 apocryphos,
403 3891 474 3947 ainsi
487 3891 577 3967 queis
587 3894 769 3950 constitution
781 3890 953 3966 apostolique
962 3909 1017 3965 que
1028 3901 1109 3947 notre
1119 3901 1219 3948 auteur
1230 3892 1270 3948 lui

207 3981 339 4037 attribue.
354 3982 431 4038 Nous
444 4001 479 4038 aa
491 3983 710 4053 diremerunt,
725 4002 781 4040 une
795 3983 849 4039 fois
864 4000 936 4056 pour
952 3992 1058 4049 tontes,
1076 3981 1111 4037 de
1124 3981 1204 4039 celles
1220 3983 1268 4058 qui

207 4071 348 4141 minuat,
359 4072 469 4146 jusqu'a
481 4092 512 4129 oe
523 4091 578 4149 qne
590 4093 661 4131 nous
673 4075 847 4132 avertistions
858 4073 944 4148 qu'on
955 4083 1023 4147 peut
1033 4092 1052 4146 y
1063 4073 1171 4149 ajouter
1184 4074 1233 4129 foi.

240 4162 281 4232 (a)
299 4161 339 4219 Ge
349 4162 491 4236 pontificat
499 4174 541 4222 est
552 4182 592 4224 un
602 4164 703 4225 double
714 4165 817 4241 emploi
827 4182 892 4229 trec
903 4163 975 4223 celui
983 4163 1021 4221 de
1033 4164 1105 4221 saint
1116 4164 1190 4222 etet..
