2894 4958
541 373 660 436 LIBER
678 371 889 437 succubus.
1197 373 1259 436 233

184 515 265 587 ret,
277 497 580 577 'luncinstinctu
595 497 682 586 Dei,
697 496 775 570 sine
789 500 865 598 qno
881 492 975 568 nihil
991 509 1045 569 est
1053 547 1066 584 ,
1082 479 1258 568 obstinati

186 610 283 704 senis
295 630 342 691 -et
365 614 527 717 conjugis
546 640 588 688 ac
608 613 770 691 liliorum
791 611 994 716 recognitio
1009 624 1095 714 post
1116 637 1169 686 xx
1190 637 1260 685 an-

183 760 258 819 nos
277 733 371 807 facta
387 748 453 808 est.
558 788 561 793 ·

238 850 436 926 Primarius
452 847 553 922 urbis
569 851 720 925 Petrum
733 871 820 921 cum
835 847 907 921 suis
928 845 1087 946 hospitio
1103 845 1262 921 retinere

189 993 331 1042 summa
347 967 383 1041 vi
400 982 550 1045 conates
566 981 640 1054 est,
668 981 707 1053 et
726 964 915 1065 filiaejus,
939 990 1022 1065 quae
1046 981 1099 1039 xx
1119 963 1262 1038 annisa

192 1084 361 1160 &mone
370 1081 570 1158 crudeliter
592 1080 732 1158 obsessa
750 1081 888 1172 fuerat,
912 1081 1069 1157 resoluta
1087 1097 1125 1156 et
1140 1095 1264 1155 curata

190 1215 260 1284 est.

241 1317 308 1390 llis
330 1312 477 1409 diebus,
494 1342 579 1389 cum
602 1315 853 1391 faustinianus
870 1314 1104 1390 Anubionem
1127 1328 1164 1389 et
1187 1311 1266 1412 Ap·-

195 1436 344 1534 pionem
357 1434 490 1510 amicos
503 1460 585 1508 suos
595 1487 606 1521 ,
624 1435 688 1535 qui
707 1460 791 1508 cum
808 1434 956 1509 Simone
973 1430 1266 1535 hospitabantur,

197 1549 345 1639 adisset,
366 1565 509 1624 etcum
529 1550 580 1625 eis
604 1567 798 1645 coenasset,
819 1551 940 1624 vultus
956 1552 1032 1650 ejus
1054 1548 1094 1624 in
1117 1537 1269 1650 effigiem

199 1668 357 1742 Simonis
368 1682 447 1743 arte
461 1668 596 1768 magica
613 1667 890 1743 transformatus
904 1683 960 1743 est
968 1697 981 1759 3
1001 1683 1038 1743 et
1050 1665 1136 1742 inde
1147 1665 1271 1740 omni·

199 1782 265 1859 hus
281 1784 405 1859 amicis
422 1788 516 1885 ejus,
535 1812 582 1859 ne
599 1787 702 1884 jussu
724 1786 872 1860 Caesaris
888 1782 960 1888 pro
978 1810 1086 1887 mago
1101 1809 1271 1885 compre-

200 1896 332 1975 hensus
346 1900 556 2000 puniretur,
574 1900 687 1976 timor
702 1901 827 2002 ingens
843 1917 947 1976 ortus
966 1920 1032 1976 est.
1047 1898 1185 1976 Deinde
1201 1901 1271 1972 rea

201 2029 278 2101 trus
292 2015 525 2095 Antiochiam
546 2016 664 2107 venit,
685 2017 861 2118 apopulo
877 2043 961 2091 cum
981 2016 1121 2121 ingenti
1140 2013 1271 2118 gaudio

199 2148 384 2234 susceptus
396 2130 550 2208 verbum
566 2134 631 2209 Dei
649 2133 879 2233 praedicavit,
899 2134 1040 2209 oblatos
1052 2133 1121 2208 sibi
1132 2133 1273 2236 langui-

138 2249 143 2253 ’
196 2248 262 2326 dos
282 2250 424 2323 curavit
433 2302 445 2339 ,
466 2249 683 2351 paralyticos
701 2251 965 2353 daemoniisque·
978 2250 1144 2353 fatigatos
1160 2263 1198 2325 et
1212 2248 1273 2324 di·-

194 2391 301 2444 rersa
317 2367 477 2468 pericula
493 2369 669 2468 patientes
690 2369 840 2443 sanavit.
864 2368 1011 2443 lnlinita
1026 2369 1162 2471 quippe
1176 2366 1275 2440 mul-

190 2486 323 2562 titudo
340 2486 589 2588 languentium
611 2502 702 2562 erat.
726 2490 843 2590 Super
862 2513 989 2564 omnes·
1014 2488 1053 2562 in
1078 2496 1276 2588 conspectu

183 2603 329 2705 populi
344 2607 471 2680 Petrus
485 2603 529 2678 ad
540 2606 743 2681 Dominum
757 2607 961 2682 orationem
973 2604 1069 2680 fudit
1076 2658 1089 2697 ,
1102 2619 1141 2681 ¹et
1152 2601 1276 2679 subito

183 2719 421 2805 immensum
436 2721 560 2797 lumen
575 2724 688 2823 gratia
700 2723 766 2799 Dei
778 2723 894 2824 plebis
907 2726 945 2799 in
956 2724 1080 2799 medio·
1088 2722 1274 2825 apparuit,

182 2855 231 2918 ct
249 2837 450 2913 confestim
466 2864 593 2913 omnes
610 2853 768 2940 aegrotos
785 2840 927 2939 sanitati
950 2840 1122 2915 restituit.
1140 2839 1277 2913 Omnes

184 2953 318 3061 igitur
337 2954 558 3031 Antiocheni
579 2983 652 3030 una
675 2982 763 3032 voce
780 2958 981 3032 Dominum
998 2955 1274 3045 confessisunt,

181 3093 231 3160 et
246 3076 353 3148 intra
366 3097 418 3146 vu
431 3072 505 3147 dies
517 3073 721 3175 plusquam
733 3074 857 3148 decem
869 3073 983 3148 millia
997 3072 1187 3147 hominum
1201 3060 1278 3147 cre·

184 3193 330 3269 dentes
344 3193 422 3266 Deo
437 3189 608 3291 baptizati
625 3207 725 3265 sunt.

247 3305 480 3406 Theophilus
498 3321 637 3398 autem,
656 3307 720 3408 qui
739 3308 879 3381 cunctis
896 3308 1108 3409 potentibus
1129 3309 1168 3380 in
1186 3305 1279 3379 civi-

193 3438 279 3499 tate
295 3421 488 3496 sublimior
503 3439 600 3512 erat,
621 3423 659 3497 in
682 3450 805 3500 amore
825 3424 891 3498 Dei
911 3424 1106 3498 admodum
1126 3422 1278 3512 exarsit,

199 3542 410 3641 domusque
430 3566 503 3613 suae
520 3541 706 3642 ingentem
722 3539 906 3614 basilicam
922 3541 999 3616 Deo
1015 3555 1200 3642 gratanter
1216 3537 1281 3613 ob-

199 3660 291 3733 tnlit
299 3713 311 3747 ,
340 3683 423 3758 quoe
448 3657 607 3732 ecclesiae
632 3659 784 3734 nomine
809 3674 1015 3734 consecrata
1042 3674 1095 3734 est
1104 3687 1116 3749 ς
1145 3659 1186 3732 in
1208 3682 1281 3760 qua
1380 3732 1384 3737 .

203 3777 315 3853 Petro
339 3775 505 3876 apostolo
530 3774 576 3848 ab
599 3776 700 3850 omni
727 3776 865 3877 populo
890 3775 1058 3851 cathedra
1084 3775 1281 3850 constituta

208 3909 270 3970 est.
288 3893 539 3967 Faustinianus
560 3919 667 3983 vero,
687 3894 772 3966 visis
789 3892 1016 3967 mirabilibus
1038 3907 1075 3968 et
1090 3891 1282 3966 intellectis

211 4011 417 4088 coelestibus
432 4012 589 4103 arcanis,
615 4012 660 4085 ad
675 4011 782 4112 pedes
799 4011 951 4112 apostoli
970 4012 1087 4112 palam
1102 4011 1262 4112 procidit
1267 4037 1279 4099 ;

213 4145 243 4203 ct
264 4128 418 4206 vetustis
435 4126 620 4204 erroribus
637 4127 829 4219 abdicatis,
854 4126 1028 4231 baptizari
1052 4127 1281 4232 petivit.=Gul
