2894 4958
192 416 253 479 stt
468 417 652 478 HISTORIA
673 416 978 479 eccumtasrtcl.

192 537 284 609 lacra
303 535 590 636 confringentes,
611 536 788 609 ululatum
803 535 894 610 dirae
914 536 1013 610 vocis
1029 537 1252 614 emittebant.

192 653 322 728 Vesani
336 680 423 755 ergo
438 652 628 755 pontifices
648 655 687 727 in
707 653 889 757 apostoles
905 653 1114 746 irruerunt,
1127 680 1256 759 eosque

190 772 404 873 gaudentes,
416 775 565 873 Deoque
577 772 707 874 gratias
719 788 862 873 agentes
878 771 1155 876 interfecerunt.
1174 775 1258 848 Sen-

191 916 255 963 nes
266 915 414 992 quoque
426 887 554 989 hospes
567 915 694 966 eorum
708 914 792 964 cum
804 890 855 963 eis
866 915 986 990 passus
997 904 1068 980 est,
1085 891 1173 992 quia
1185 890 1256 966 ido-

190 1005 235 1077 lis
246 1005 444 1078 sacrificare
456 1005 687 1104 contempsit.
704 1006 782 1106 lpsa
795 1002 899 1094 hora,
912 1002 1059 1106 wando
1072 1005 1160 1080 ooeli
1171 1022 1256 1081 esset

190 1119 359 1194 serenitas
390 1145 536 1220 magna,
568 1118 712 1221 fulgura
741 1119 942 1194 extiterunt
972 1118 1107 1210 nimia,
1139 1121 1189 1193 its
1217 1136 1255 1194 ut

191 1237 329 1311 trifarie
358 1235 581 1311 scinderetur
604 1236 782 1337 templum
804 1264 824 1310 a
846 1237 992 1311 summo
1010 1236 1099 1312 tecti
1118 1235 1257 1340 fastigio

191 1380 303 1455 usque
316 1356 356 1426 in
370 1353 539 1426 ultimum
553 1352 844 1429 fundamentum.
859 1355 990 1430 Zaroes
1002 1371 1129 1431 autem
1139 1369 1179 1429 et
1189 1355 1256 1429 Ar·

85 1484 126 1517 ”’·
191 1470 288 1543 saxat
316 1471 390 1543 ictu
414 1468 578 1543 fulminis
600 1469 715 1545 adusti
740 1488 777 1546 et
804 1473 842 1544 in
872 1471 1068 1548 narbonem
1097 1473 1254 1549 conversi

191 1603 290 1659 sunt.

241 1705 328 1777 Post
343 1728 505 1777 mensem
522 1703 671 1777 tertium
689 1729 753 1778 rex
770 1704 910 1778 Xerxes
928 1730 1055 1779 omnes
1069 1704 1254 1805 pontifices

192 1820 415 1895 confuscavit
433 1821 506 1919 (1),
526 1835 562 1894 et
578 1819 826 1919 apostolorum
843 1846 995 1920 corpora
1016 1846 1102 1894 cum
1124 1821 1251 1922 ingenti

191 1935 331 2012 honore
348 1936 392 2009 ad
405 1962 506 2010 suam
526 1935 708 2009 civitatem
725 1937 932 2027 transtulit,
956 1938 1082 2039 inqua
1101 1939 1253 2012 extruxit

189 2053 371 2128 basilicam
393 2055 431 2127 in
449 2068 633 2154 octogono
652 2052 756 2155 cyclo
776 2069 860 2129 octo
880 2056 1101 2155 angulorum
1117 2070 1252 2156 octoge

190 2198 280 2246 num
292 2172 424 2272 pedum
432 2201 445 2262 ς
460 2172 508 2243 ita
521 2185 565 2244 ut
578 2172 689 2245 octies
705 2189 923 2272 octogenum
939 2171 1072 2272 pedum
1089 2197 1252 2247 numerus

189 2305 443 2364 numeraretur
460 2315 525 2388 per
541 2314 694 2390 gyrum,
710 2289 749 2361 in
765 2288 879 2362 altum
892 2292 1013 2364 autem
1025 2287 1163 2389 pedum
1177 2315 1252 2365 oen-

191 2418 270 2478 tum
289 2405 432 2505 viginti.
451 2405 579 2479 Omnia
598 2431 640 2479 ex
658 2404 839 2505 quadratis
855 2403 1100 2482 marmoribus
1117 2423 1156 2480 et
1175 2432 1252 2507 syn·

191 2523 330 2594 maticis
341 2522 398 2619 (a)
406 2523 580 2614 extruxit,
592 2548 747 2596 cameras
756 2549 842 2597 vero
855 2523 998 2596 laminis
1009 2525 1127 2598 aureis
1136 2523 1249 2597 affixit.

191 2640 234 2710 ln
261 2636 381 2711 medio
407 2653 527 2711 autem
553 2652 736 2740 octogono
764 2638 1021 2740 sarcophagum
1044 2665 1088 2714 ex
1111 2653 1252 2742 argento

191 2779 286 2854 puro
310 2753 480 2826 instituit.
503 2753 572 2827 Per
588 2769 746 2854 quatuor
762 2781 876 2829 annos
888 2755 1061 2828 fabricam
1077 2756 1253 2830 incessan-

192 2886 249 2944 ter
271 2870 450 2959 excrcuit,
475 2887 511 2943 et
528 2896 780 2945 consummans
796 2897 874 2944 eam
889 2871 948 2946 die
965 2872 1092 2945 natalis
1111 2898 1250 2960 eorum,

192 2986 299 3062 idest
319 2999 358 3060 v⁰
373 2986 444 3059 hal.
465 2986 692 3078 novembris,
711 2987 893 3062 basilicam
913 2986 1145 3064 inhonorem
1162 3016 1251 3064 sans·

191 3119 314 3178 torum
330 3104 493 3178 dedicare
515 3107 661 3179 meruit.
686 3107 727 3179 ln
752 3131 827 3207 quo
844 3105 926 3181 loco
947 3104 1122 3180 beneficia
1139 3107 1252 3180 divina

191 3221 375 3296 credentes
404 3236 689 3322 consequuntur,
716 3223 777 3321 qui
807 3223 981 3324 martyria
1006 3248 1155 3313 eorum,
1179 3248 1255 3324 qne

190 3340 352 3414 Domino
366 3355 492 3413 nostro
510 3340 592 3413 Jesu
611 3337 755 3413 Christo
773 3366 885 3440 usque
902 3341 947 3413 ad
964 3355 1123 3414 mortem
1139 3339 1252 3440 perhi-

191 3455 370 3547 buerunt,
401 3470 631 3528 venerantur.
663 3456 736 3529 Nos
764 3457 892 3542 etiam,
923 3458 985 3557 qui
1012 3472 1198 3556 sperantes
1222 3457 1253 3529 iu

224 3746 263 3813 (ι)
281 3742 394 3815 D'aprcs
402 3741 428 3796 le
440 3760 550 3816 passage
562 3742 780 3815 correspondant
789 3741 828 3796 du
836 3741 901 3797 faux
910 3741 1029 3810 Abdias,
1043 3760 1074 3797 ce
1085 3753 1147 3798 mot
1156 3742 1253 3798 devrau

192 3832 301 3887 s'ecrire
313 3835 486 3906 confiscavit,
503 3842 532 3886 et
545 3833 708 3905 signifierait
722 3835 888 3906 constsquer.
902 3833 983 3888 Cette
994 3833 1077 3905 peine
1086 3850 1159 3888 nous
1173 3831 1254 3907 parsit

190 3924 256 3978 bien
268 3922 360 3995 leghie
375 3933 403 3976 et
415 3922 480 3977 bien
494 3922 600 3978 tardive
617 3942 688 3997 pour
700 3922 739 3978 les
756 3922 883 3978 assassins
899 3922 948 3978 des
960 3921 1033 3978 deux
1046 3922 1172 3997 apbtres‚
1186 3920 1253 3978 dela

191 4022 254 4086 part
265 4010 331 4065 d’un
345 4012 388 4065 roi
401 4011 535 4066 chretien.

227 4102 265 4170 (a)
283 4102 327 4154 Au
340 4098 395 4153 lieu
407 4098 442 4153 de
458 4120 488 4157 ce
499 4111 571 4171 mot,
585 4119 620 4156 on
634 4102 667 4158 lit
680 4101 747 4158 dans
761 4102 786 4158 lc
800 4103 864 4159 faux
873 4101 994 4159 llbdias:
1010 4105 1171 4177 signaturis,
1184 4103 1254 4158 c'ett-

188 4187 278 4245 Mire
291 4186 422 4257 sculptc's.
