2894 4958
271 349 310 412 is
545 347 729 409 HISTORIA
750 344 1053 411 nccmus'rlci.

272 473 405 542 tiowre.
426 467 598 540 Levantes
615 481 736 543 eutem
756 467 881 545 oeulos
902 494 985 545 suos
996 522 1008 557 ,
1033 467 1216 543 neminem
1238 468 1336 546 vide-

271 597 360 657 runt
385 583 453 656 nisi
484 580 602 656 solum
625 583 760 659 Jesum.
789 584 838 659 Et
866 581 1163 661 descendentibus
1193 582 1264 658 illis
1290 585 1338 663 de

270 713 396 774 monte
424 698 597 800 precepit
626 700 725 775 Jesns
737 753 749 790 ,
777 701 900 777 dicens
936 731 944 773 ε
980 698 1136 776 Nemini
1165 701 1336 779 deseritis

269 819 465 907 visionem,
484 817 602 894 donee
621 818 751 899 Filius·
762 817 918 895 innuuis
940 843 967 891 o
983 821 1133 894 morinis
1154 835 1333 919 resurgat.

271 938 378 1009 Tunc
404 935 672 1037 inquirentibus
701 936 883 1037 discipulis
907 936 999 1011 dixit
1023 936 1123 1038 quod
1143 936 1260 1040 Helius
1276 963 1336 1013 ve·

269 1052 394 1127 nisset.
429 1052 480 1126 Et
512 1052 768 1127 intellexerunt
798 1051 897 1154 quod
925 1052 984 1127 ille
1008 1051 1054 1128 de
1073 1052 1216 1129 Joenue
1237 1054 1336 1153 Bup-

273 1170 354 1242 tisto
367 1168 526 1244 dixisset.

316 1284 538 1385 Insequenti
557 1284 638 1378 die,
663 1310 747 1360 cum
762 1283 807 1358 sd
827 1282 972 1359 turbam
989 1284 1143 1359 venisset
1149 1330 1164 1374 ,·
1188 1283 1336 1361 eonfo-

272 1400 340 1471 tim
367 1401 486 1475 omnis
514 1400 670 1501 populus
695 1399 818 1476 videns
847 1427 931 1478 eum
958 1400 1176 1501 stupefactus
1208 1414 1280 1487 est,
1297 1416 1336 1476 et

270 1532 496 1592 assumentes
522 1514 724 1592 salutabant
739 1544 836 1593 eum.
862 1517 967 1594 'l'uuo
990 1516 1137 1618 quidam
1159 1518 1206 1594 de
1226 1518 1335 1595 turbu

267 1632 417 1737 adeum
449 1634 620 1724 accessit,
656 1652 694 1711 et
724 1651 808 1710 onte
838 1661 920 1711 eum
945 1634 1097 1736 genibus
1120 1635 1336 1737 provolutus

268 1747 385 1821 dixit:
409 1750 586 1842 Domine,
617 1754 783 1827 miserere
794 1751 884 1852 filio
910 1778 989 1828 neeo
1000 1808 1014 1842 ,
1039 1754 1129 1852 quio
1151 1752 1334 1830 laneum

269 1882 322 1940 est
353 1866 401 1940 ob
432 1865 592 1968 ity'antio
628 1886 662 1942 et
694 1868 792 1944 niolo
813 1871 970 1971 potitur.
1000 1871 1225 1971 Frequenter
1253 1895 1335 1943 eum

269 1981 416 2058 doemon
441 1987 481 2058 in
507 1989 630 2086 ignem
656 2003 691 2059 et
712 1990 753 2060 in
776 2012 896 2086 aquas
918 1989 1034 2076 reuisit,
1063 2003 1102 2060 ut
1121 1986 1226 2062 illum
1245 2011 1336 2087 pes*

267 2096 390 2189 demn-
414 2114 450 2172 et
477 2100 671 2200 discipulis
703 2103 775 2174 tois
802 2101 919 2175 obtuli
942 2127 1022 2175 eum
1052 2117 1087 2174 et
1108 2127 1182 2176 non
1197 2117 1336 2203 potue-

269 2231 352 2288 runt
380 2241 510 2290 oerore
540 2243 638 2289 eum.
678 2215 842 2316 Cumque
869 2219 970 2292 lesus
994 2216 1099 2289 illum
1125 2215 1245 2292 afferri
1262 2218 1336 2314 jus-

268 2331 385 2420 sisset,
415 2345 453 2405 et
477 2358 573 2432 aeger
592 2330 719 2405 allatus
748 2332 890 2422 fuisset,
920 2333 1043 2405 statim
1071 2332 1217 2432 spiritus
1246 2356 1336 2407 oon·

269 2445 430 2520 turbavit
446 2474 529 2522 eum
553 2463 590 2522 et
605 2447 710 2522 elisus
733 2450 771 2521 in
793 2465 887 2522 term
903 2447 1135 2521 volutabatur
1150 2472 1334 2548 spumans.

268 2563 434 2668 Cumque
449 2565 548 2640 Iesus
563 2564 787 2641 doemonium
800 2565 1031 2664 increpasset,
1049 2580 1086 2639 et
1101 2565 1198 2641 exire
1211 2561 1257 2637 sb
1268 2589 1333 2652 eo,

269 2707 337 2756 neo
351 2682 505 2782 emplius
520 2682 676 2759 introire
683 2683 862 2782 jussisset,
884 2681 1029 2756 dsemon
1044 2681 1200 2756 clamans
1207 2734 1219 2770 ,
1239 2681 1335 2757 mul·

269 2813 419 2898 tumque
431 2799 633 2900 disoerpens
645 2825 749 2890 eum,
764 2798 864 2874 exiit.
883 2799 931 2873 Et
948 2797 1008 2872 ille
1023 2796 1129 2872 elisus
1141 2796 1186 2870 od
1201 2811 1336 2871 terrum

216 2950 218 2954 ·
271 2921 432 3009 corruit,
457 2920 506 2993 ito
523 2933 565 2994 ut
581 2920 688 2993 multi
701 2918 864 2993 dicerent
875 2917 959 3018 quia
972 2931 1136 2990 mortuus
1148 2928 1214 2990 est.
1234 2914 1336 2988 Jesus

265 3050 389 3110 eutem
414 3053 540 3112 tenens
567 3063 717 3110 manum
748 3038 846 3135 ejus,
874 3034 1049 3128 elevavit,
1077 3033 1243 3133 patrique
1266 3056 1335 3106 suo

267 3178 394 3226 sanum
406 3150 576 3228 reddidit.
595 3150 733 3226 Deinde
749 3149 932 3250 discipulis
950 3163 1089 3224 secreto
1104 3146 1335 3246 interrogen-

268 3269 365 3344 tibus
385 3296 452 3344 our
468 3294 546 3344 non
560 3268 765 3371 potuissent
781 3291 907 3340 curae
922 3265 1044 3355 illum,
1063 3264 1156 3340 dixit
1182 3294 1192 3335 ε
1214 3265 1334 3366 Prop-

266 3406 321 3462 ter
347 3387 639 3462 incredulitatem
666 3402 837 3460 oestrum.
867 3383 987 3458 Anien
1014 3382 1098 3457 dieo
1128 3379 1233 3456 uobis
1260 3407 1270 3451 .·
1301 3379 1337 3453 ei

267 3503 591 3604 habueritisfldem
607 3505 702 3578 sieut
714 3527 874 3604 granum
893 3501 1055 3603 sinapis,
1072 3499 1201 3575 de'eetu
1221 3498 1338 3572 mnu

266 3619 378 3693 lenio:
401 3620 537 3694 Transi
556 3619 667 3708 bino;
690 3635 724 3693 et
743 3615 932 3706 transibis,
952 3633 987 3689 et
1000 3613 1093 3689 m'isil
1113 3609 1339 3715 impossibile
1366 3653 1369 3656 ·

268 3736 335 3807 erit
346 3733 452 3809 vobis
458 3768 475 3822 ,·
492 3735 562 3809 boo
573 3752 695 3808 autem
706 3760 823 3834 genus
836 3758 911 3806 non
928 3731 1076 3831 ejicitur
1090 3730 1162 3803 nisi
1168 3751 1339 3829 peroro·

269 3854 399 3926 tionem
415 3869 449 3925 et
454 3853 655 3952 jejunium.

319 3968 623 4044 Conversantibus
642 3969 710 4042 illis
734 3970 772 4040 in
796 3966 963 4056 Galilaea,
982 3964 1074 4038 dixit
1099 3995 1107 4034 ε
1128 3960 1249 4036 Filius
1267 3959 1338 4035 lto-

270 4086 377 4156 minis
403 4084 601 4160 tradendos
620 4102 673 4159 est
695 4086 734 4157 in
758 4109 888 4159 manus
905 4081 1091 4159 bominum
1116 4096 1150 4152 el
1171 4074 1340 4154 occident
