2894 4958
193 352 254 411 200
466 344 649 406 HISTORIA
671 344 975 407 uccttsttsttcs.

193 483 293 541 runt.
317 464 479 538 Tandem
495 450 659 537 auditum
680 481 733 538 est
750 464 848 564 quod
863 466 924 566 qui
942 464 1200 566 querebantur
1214 471 1250 543 in

192 584 329 684 templo
341 581 525 656 docerent.
541 582 646 658 Tunc
658 582 883 681 magistratus
895 608 978 655 cum
988 584 1165 658 ministris
1177 586 1252 660 illos

192 703 269 776 sine
283 702 317 773 vi
335 699 493 773 adduxit.
514 699 707 773 Timebant
723 700 821 773 enim
840 700 1036 799 populum,
1058 728 1105 776 ne
1123 702 1252 803 lepidu-

191 834 332 890 rentur.
346 816 516 914 Princeps
536 813 759 887 sacerdotum
774 831 924 890 statutos
943 816 980 888 in
998 817 1157 892 coneilio
1171 818 1254 893 tnd-

191 934 327 1033 arguit,
342 933 439 1034 quod
452 931 631 1005 contraria
648 930 715 1003 sihi
729 930 892 1004 doctrina
906 933 1099 1031 replessent
1110 935 1253 1008 Jerusa-

189 1048 262 1122 lem
272 1064 398 1123 contra
407 1048 569 1147 generale
581 1047 764 1121 decretum
775 1046 972 1120 seniorum.
986 1047 1152 1147 Apostoli
1167 1074 1250 1150 ergo

190 1162 479 1262 responderunt:
500 1160 656 1234 Obedire
672 1178 809 1262 oportet
826 1163 908 1235 Deo
926 1165 1047 1261 nmgis
1060 1190 1174 1262 quam
1186 1163 1253 1236 lto-

190 1279 361 1351 minibus.
387 1279 487 1350 Deus
501 1294 651 1378 patrum
674 1296 875 1350 nostrorum
897 1281 1085 1365 suscitavit
1098 1279 1230 1353 Iesum
1235 1338 1250 1372 ‚

190 1420 296 1493 quem
315 1419 382 1465 oos
403 1393 647 1479 interemistis,
673 1392 932 1493 suspendentes
950 1395 990 1464 in
1005 1393 1120 1493 ligno.
1143 1396 1253 1469 Hunc

188 1510 291 1580 Deus
300 1509 506 1609 principem
529 1524 563 1579 et
582 1509 797 1581 salvatorem
818 1507 992 1580 exultavit
1011 1508 1166 1582 dextera
1182 1536 1252 1583 suu

189 1624 244 1696 ad
262 1623 427 1695 dandam
442 1625 692 1723 poenitentiam
717 1624 835 1695 Israel
853 1640 887 1694 et
904 1625 1150 1697 remissionem
1166 1651 1252 1725 peo-

189 1756 366 1812 cutorum.
390 1741 442 1811 Et
465 1767 532 1813 nos
558 1766 681 1812 sumus
707 1755 809 1811 testes
832 1738 959 1810 lterum
982 1739 1193 1828 verborum,
1220 1757 1253 1813 et

189 1853 350 1955 Spiritus
367 1853 545 1940 Sanctus,
562 1881 668 1954 quem
682 1852 784 1925 dedit
795 1853 895 1926 Deus
908 1853 1074 1926 omnibus
1087 1853 1252 1927 obedien·

189 1974 283 2045 tibus
300 1971 384 2045 sibi.
400 1973 485 2044 llaec
503 1997 586 2043 cum
599 1971 800 2057 audissent,
816 1969 1081 2044 dissecabantur
1097 1985 1136 2043 et
1153 1970 1252 2071 eogi-

190 2088 313 2161 tahant
330 2088 532 2162 interlicere
548 2088 658 2185 illos(
683 2087 714 2184 )

237 2205 342 2276 Tunc
360 2202 530 2279 Gamaliel
549 2202 766 2303 pharisoeus,
786 2219 822 2276 et
839 2204 926 2304 legis
941 2203 1070 2277 doctor
1091 2202 1252 2279 honoru-

187 2320 270 2392 bilis
286 2322 461 2393 universae
478 2319 597 2420 plebi,
619 2322 656 2393 in
680 2320 834 2395 concilio
852 2321 1024 2409 surrexit,
1044 2334 1082 2393 et
1103 2318 1252 2393 remotis

188 2436 376 2535 apostolis,
396 2434 586 2510 subvenire
603 2436 671 2508 illis
688 2436 829 2526 volens,
846 2437 962 2536 palam
975 2436 1157 2509 recensuit
1174 2461 1252 2535 qtut·

187 2552 271 2625 liter
288 2568 371 2624 ante
389 2577 520 2650 paucos
538 2551 612 2626 dies
629 2551 790 2625 Theodec
812 2578 896 2624 cum
912 2577 998 2624 cccc
1017 2548 1251 2648 complicibus

188 2669 227 2740 in
252 2665 409 2740 nihilum
432 2665 595 2739 redactus
617 2667 751 2754 fuerit,
781 2666 887 2739 Judas
912 2692 1058 2767 quoque
1084 2663 1252 2737 Gelilaeus

188 2811 272 2859 eum
291 2785 381 2870 suis,
401 2785 464 2882 qui
486 2784 662 2882 populum
680 2783 888 2857 avertebant
902 2798 984 2882 post
999 2811 1056 2870 se,
1074 2783 1110 2855 in
1128 2780 1252 2855 diebus

187 2900 419 3001 professionis
427 2902 587 2999 perierit.
597 2900 758 2974 Tandem
769 2901 917 3001 prolatis
927 2899 1130 3000 hujusmodi
1141 2924 1252 2974 exem·

186 3019 273 3118 plis,
290 3016 382 3089 dixit
396 3044 404 3084 ε
418 3017 530 3090 Nune
544 3019 669 3116 itaque
683 3017 769 3090 dico
781 3017 885 3090 vobis
898 3047 907 3089 :
922 3017 1111 3090 Discedite
1125 3016 1175 3089 ab
1191 3016 1253 3089 lto·

186 3134 344 3206 minibus
357 3135 454 3223 istis,
471 3151 506 3204 et
519 3137 625 3207 stitite
641 3135 743 3221 illos,·
760 3138 935 3234 quonium
953 3137 988 3207 si
1002 3150 1056 3207 est
1070 3162 1118 3207 ee
1137 3135 1252 3208 ltomi·

185 3251 292 3325 tribus
317 3251 511 3323 consilium
530 3251 600 3324 lior
625 3268 691 3323 aut
711 3279 825 3352 opus,
848 3252 1070 3325 dissolvetur.
1097 3250 1144 3323 Si
1166 3275 1252 3323 van

186 3396 234 3441 ee
254 3368 335 3440 Deo
356 3383 427 3457 est,
451 3394 525 3440 non
541 3370 703 3467 poteritis
729 3368 922 3441 dissolvere
942 3396 1023 3456 eos,
1046 3394 1092 3439 ne
1095 3363 1200 3467 forte
1216 3381 1252 3439 et

185 3486 267 3557 Deo
284 3483 716 3584 mpugrmreuideumini.
737 3485 800 3556 llis
818 3485 969 3573 auditis,
989 3483 1040 3555 illi
1060 3508 1252 3557 consense-

185 3614 293 3685 runt,
308 3613 344 3671 et
361 3597 542 3697 apostolos
564 3615 820 3685 convocantes,
836 3602 934 3671 caesis
947 3597 1252 3671 denuntiaverunt

187 3737 234 3785 ne
252 3710 489 3811 loquerentur
509 3716 547 3786 in
570 3716 717 3788 nomine
742 3717 842 3805 lesu,
866 3741 996 3814 eosque
1019 3713 1248 3816 dimiserunt.

322 4088 345 4134 ⁴,
356 4092 448 4153 apost.
459 4100 487 4150 v,
504 4080 594 4159 17-1'1'5.
609 4085 716 4153 (Aunes
728 4081 763 4139 35
774 4083 809 4138 de
819 4082 885 4138 l'ire
896 4082 1080 4150 eistetiensis.)
