2894 4958
522 487 639 551 LIBER
659 489 869 552 SECUNDUS.
1177 499 1238 559 359

167 606 323 705 claviger
357 604 458 704 regui
493 604 671 677 coelorum
710 609 745 679 in
785 609 984 706 AEgyptum
1022 607 1235 701 destinavit3

166 739 207 799 et
229 721 417 796 meridiani
445 722 597 793 climatis
623 723 866 821 principatum
891 723 934 796 ad
957 727 1156 800 multarum
1182 757 1239 802 sa-

167 838 285 915 lutem
306 838 509 911 ammarum
531 839 723 921 commisit.
743 839 977 914 Venetiaram
1002 841 1179 944 indigente
1203 860 1240 917 et

170 954 409 1031 occidentales
427 956 552 1054 populi
573 954 695 1029 habito
717 983 870 1056 corpore
890 957 986 1033 beati
1004 962 1240 1063 Evangelistae

168 1072 416 1174 gratulantur,
432 1087 468 1145 et
486 1072 726 1146 indesinenter
742 1073 832 1146 illud
848 1074 891 1148 ad
907 1074 1046 1151 laudem
1057 1080 1241 1178 cunctipo

168 1190 281 1262 tentis
299 1188 363 1263 Dei
378 1203 608 1275 venerantur,
627 1188 856 1288 deprecantes
876 1209 919 1263 ut
936 1193 973 1264 in
992 1193 1144 1293 collegio
1157 1193 1242 1268 bea-

168 1322 294 1379 torum
316 1303 517 1401 computari
536 1304 574 1375 in
593 1320 770 1378 aeternnm
791 1322 1010 1380 mereantur.
1031 1308 1146 1382 Amen
1167 1312 1183 1409 (
1208 1310 1238 1409 ).

222 1421 324 1498 xvl.
348 1422 460 1494 Lucas
474 1421 718 1522 Evangelista,
738 1423 886 1498 natione
906 1424 1038 1525 Syrus,
1055 1427 1150 1527 apud
1167 1426 1245 1499 An-

172 1538 346 1617 tiochiam
376 1538 563 1614 medicinae
596 1540 683 1613 artis
715 1542 894 1641 egregius,
931 1557 967 1614 et
996 1543 1245 1642 apostolorum

171 1655 309 1730 Christi
326 1654 540 1754 discipulus,
555 1671 677 1754 postea
695 1683 808 1757 nsque
824 1657 868 1729 ad
886 1659 1149 1734 confessionem
1162 1663 1246 1733 Pau·

171 1771 252 1847 lum
287 1771 491 1870 apostolum
524 1789 686 1860 secutus,
727 1773 803 1847 sine
845 1774 997 1848 crimine
1031 1802 1246 1874 permanens

174 1890 215 1961 in
233 1888 460 1988 virginitate,
477 1889 637 1963 Domino
651 1889 777 1961 maluit
793 1890 938 1963 servire.
955 1891 1023 1962 Hic
1038 1890 1164 1966 divino
1182 1893 1245 1964 sti·

173 2003 332 2078 maletus
364 2006 535 2104 imperio,
575 2006 611 2079 in
644 2005 787 2079 Achaiae
818 2005 982 2104 partibus
1010 2007 1248 2107 Evangelium

174 2122 340 2220 scripsit,
367 2124 578 2224 Graecisque
603 2122 768 2197 fidelihus
791 2123 1076 2197 incarnationem
1100 2125 1248 2199 Domini

176 2238 274 2315 fideli
291 2242 499 2316 narratione
510 2241 690 2329 ostendit,
705 2239 943 2339 eumdemque
954 2239 998 2313 de
1010 2241 1122 2340 stirpe
1134 2239 1248 2313 David

175 2357 396 2433 descendisse
418 2361 647 2433 monstravit.
668 2357 805 2433 Deinde
824 2358 935 2430 alium
959 2355 1094 2431 librum
1113 2360 1257 2457 specie-¹

177 2473 251 2548 lem
275 2473 406 2562 edidit,
437 2478 473 2548 in
503 2501 576 2575 quo
598 2492 696 2547 actus
718 2475 966 2573 apostolorum
991 2492 1028 2548 et
1051 2474 1249 2573 primordia

179 2594 359 2668 nascentis
375 2594 544 2667 Ecclesiae
562 2593 763 2685 luculenter
781 2591 993 2667 enucleavit.
1014 2592 1073 2664 Sic
1089 2592 1250 2692 geminos

178 2710 293 2783 Lucas
304 2708 535 2808 Theophila,
554 2708 587 2781 id
606 2723 660 2783 est
675 2712 793 2783 Deum
809 2708 999 2808 diligenti,
1018 2705 1132 2780 libros
1155 2733 1249 2780 con-

177 2822 291 2913 didit,
310 2826 519 2925 cunctisqne
534 2826 677 2926 gemina
695 2826 867 2899 charitate
885 2820 1118 2924 flagrantibus
1136 2823 1251 2921 inspi-

178 2958 284 3017 rante
302 2944 441 3043 Spiritu
461 2944 594 3018 sancto
611 2942 787 3020 exhibuit.
810 2945 851 3014 ln
868 2941 983 3041 priori
1000 2941 1135 3041 quippe
1154 2937 1250 3011 libro

178 3086 308 3137 verum
327 3059 460 3135 Christi
479 3061 717 3136 sacerdotium
733 3061 937 3159 descripsit,
953 3085 1029 3161 quo
1045 3052 1169 3159 Agnus
1186 3060 1250 3132 Dei

180 3178 342 3276 pretioso
360 3179 663 3277 sangnine'effnso
680 3176 806 3250 mundi
825 3177 1007 3276 piaculum
1023 3177 1191 3275 expiavit.
1209 3177 1252 3248 ln

180 3296 347 3396 sequenti
356 3321 442 3370 vero
453 3293 910 3370 sublimitatemineffabilis
919 3294 1058 3367 deitatis
1066 3293 1253 3393 depromp

217 3637 259 3708 (ι)
276 3635 325 3695 On
338 3639 409 3691 croit
422 3655 476 3710 que
490 3636 562 3691 saint
576 3637 652 3692 Marc
663 3637 707 3692 lut
720 3639 822 3710 euvoye
834 3654 884 3709 par
900 3636 971 3693 saint
987 3635 1083 3693 pierre
1098 3652 1170 3708 pour
1181 3652 1252 3708 gou-

184 3744 284 3782 verner
295 3725 398 3800 l'eglise
407 3725 601 3781 d’Alexandrie
615 3746 675 3781 vers
687 3727 792 3780 l’annee
802 3724 851 3792 52,
866 3736 895 3780 et
907 3724 974 3800 qu'il
987 3745 1005 3797 y
1022 3722 1129 3780 sonffrit
1140 3722 1166 3778 le
1178 3743 1254 3780 mar-

185 3825 247 3889 tyre
259 3815 328 3870 dans
337 3815 362 3869 la
374 3815 510 3870 huitihme
523 3818 610 3871 annes
623 3816 662 3871 dn
677 3818 762 3890 regne
771 3815 806 3870 de
820 3815 929 3883 Neron,
943 3814 970 3870 le
981 3812 1016 3869 25
1027 3812 1093 3868 avril
1105 3810 1150 3867 62.
1166 3814 1254 3871 Notre

187 3915 286 3961 auteur
294 3915 336 3959 est
344 3903 403 3960 l’nn
411 3904 460 3958 des
472 3904 534 3978 plus
542 3907 653 3960 enciens
665 3906 714 3980 qni
724 3907 798 3960 aient
807 3906 900 3978 ajoute
911 3905 949 3959 soi
961 3907 977 3958 h
989 3922 1016 3958 sa
1024 3902 1179 3976 pretendne
1189 3906 1254 3961 mis-

186 3994 247 4050 tion
260 3997 277 4049 h
288 3993 417 4068 Aqntte.
432 3996 593 4065 Quantam
605 3995 702 4051 details
714 4013 771 4050 non
787 3997 878 4048 moins
894 3992 1067 4048 visiblement
1083 3995 1254 4067 apocryphes

188 4085 237 4158 qui
248 4094 313 4140 aaut
325 4087 468 4158 apportes
481 4086 516 4140 ici
528 4103 575 4141 sur
585 4086 623 4141 les
636 4090 837 4142 circonstances
850 4084 886 4139 de
902 4101 951 4138 sou
963 4082 1097 4156 apostolas
1111 4084 1254 4141 hhlexan·

189 4170 249 4229 este
265 4184 295 4229 et
312 4173 349 4228 de
365 4191 415 4228 son
434 4185 571 4248 martyre,
585 4193 624 4231 on
641 4176 680 4231 les
697 4158 856 4231 innantem
875 4191 937 4229 sous
955 4191 1012 4228 nne
1030 4173 1119 4229 forme
1138 4193 1258 4251 presque

194 4261 404 4337 mmpletcment
415 4262 560 4338 identique
569 4264 638 4320 dana
649 4264 689 4320 les
701 4263 895 4332 Bollandietet,
909 4272 930 4318 t.
945 4261 1071 4317 rd’avril.
