2894 4958
540 319 657 382 LIBER
677 319 888 382 SECUNDUS.
1188 323 1250 384 367

182 442 392 544 generibus,
416 439 664 540 lapidibusque
689 441 855 539 pretiosis
881 439 1097 537 pauperibus
1123 439 1251 514 distri-

183 559 279 633 buit.
301 559 538 632 Possessiones
560 558 693 656 quippe
717 583 758 628 ac
780 557 956 656 mancipia
982 573 1018 631 et
1040 560 1251 633 vernaculos

180 684 256 777 jam
275 677 362 750 olim
381 703 462 749 cum
482 691 596 748 matre
615 702 675 747 sua
694 690 818 749 sancto
842 675 987 773 praesuli
1008 690 1229 750 concesserat
1235 705 1247 764 3

184 812 228 868 ut
245 811 326 896 post
342 793 531 868 discessum
549 794 623 891 ejus
640 790 731 864 inibi
752 809 873 863 »sancta
896 793 1005 892 ipsius
1029 793 1250 867 tumularen-

184 929 248 986 tur
258 910 432 986 membra.
683 918 686 921 ’

234 1028 435 1130 Stephanus
451 1026 627 1127 siquidem
642 1024 716 1098 dux
731 1026 974 1124 principatum
991 1052 1009 1096 a
1026 1025 1138 1099 fluvio
1154 1026 1251 1100 Rbo-

183 1146 269 1219 dani
299 1171 409 1245 usque
437 1143 482 1216 ad
507 1170 604 1215 mare
631 1143 811 1215 Oceanum
841 1142 1002 1230 tenebat,
1034 1168 1250 1244 omnemque

184 1265 276 1336 citra
297 1261 455 1361 Ligerim
476 1261 661 1360 regionem
685 1275 721 1362 et
743 1285 891 1332 omnem
912 1258 1162 1359 Aquitaniam,
1189 1285 1251 1348 seu

183 1381 411 1453 Wasconum
428 1395 465 1451 et
481 1374 687 1450 Gothorum
705 1392 848 1476 gentem
869 1376 925 1474 (r)
945 1373 1159 1473 possidebat.
1177 1377 1250 1449 Rex

185 1511 307 1568 tamen
317 1521 395 1568 non
406 1492 615 1580 vocabatur,
628 1492 711 1592 quia
721 1488 922 1563 nullus-sibi
938 1489 1007 1565 hoc
1019 1516 1153 1565 nornen
1168 1517 1250 1566 ven-

182 1609 346 1699 dicabat,
361 1611 430 1684 nisi
447 1607 674 1683 solummodo
688 1607 804 1695 Ner0,
819 1608 882 1707 qui
897 1632 1090 1681 romanum
1106 1606 1252 1681 tenebat

185 1727 394 1827 imperium.
410 1728 478 1820 Hic
490 1725 717 1800 Lemovicam
732 1724 912 1798 civitatem
930 1725 1116 1814 introivit,
1134 1742 1172 1799 et
1183 1727 1254 1804 Va·

184 1843 309 1917 leriam
330 1867 497 1942 sponsam
514 1866 614 1913 suam
625 1839 670 1913 ad
684 1867 721 1914 se
736 1840 860 1914 venire
876 1840 1061 1939 praecepit.
1080 1839 1137 1912 Ex
1154 1843 1256 1939 cujus

184 1959 372 2061 colloquio
382 1956 527 2061 quando
540 1956 732 2059 repudium
743 1958 798 2030 sui
812 1957 1008 2063 didicisset,
1019 1982 1061 2029 ac
1071 1983 1140 2056 pro
1153 1971 1253 2031 certo

161 2066 163 2072 ¹
184 2076 372 2178 probasset
392 2073 492 2178 quod
512 2102 610 2165 eam,
632 2075 716 2175 quia
742 2073 815 2173 ipsa
836 2073 969 2162 nollet,
989 2071 1057 2146 sibi
1082 2076 1252 2176 conjugio

185 2194 322 2269 sociare
338 2219 414 2274 uon
435 2209 573 2292 posset;
592 2190 761 2265 frendens
782 2191 908 2279 nimis,
929 2217 1006 2263 non
1023 2216 1101 2265 eam
1118 2191 1253 2264 diutius

185 2338 308 2412 passus
322 2327 375 2385 est
386 2337 507 2385 secum
521 2309 764 2399 confabulari,
776 2308 836 2383 sed
848 2308 972 2384 furore
985 2308 1162 2408 repletus,
1173 2311 1255 2408 jus-

185 2429 235 2502 sit
247 2455 325 2503 eam
338 2443 438 2501 extra
454 2426 584 2500 urbem
600 2426 682 2501 duci
703 2441 739 2500 et
758 2426 924 2526 protinus
937 2424 1120 2499 decollari.
1138 2425 1252 2505 Ducta

185 2569 275 2618 vero
284 2543 328 2617 ad
339 2544 462 2618 locum
472 2542 720 2618 decollationis
728 2542 935 2642 spiculatori
947 2542 1151 2641 proximam
1162 2568 1255 2617 mor·

185 2677 262 2736 tem
274 2661 462 2761 praedixit,
480 2676 518 2736 et
533 2662 694 2761 expansis
707 2656 872 2732 manibus
890 2660 929 2731 in
946 2659 1100 2750 coelum,
1115 2660 1256 2748 orarit,

186 2779 419 2880 Dominoque
443 2778 519 2853 Deo
545 2804 619 2852 sese
642 2777 855 2852 fiducialiter
878 2777 1155 2852 commendavit.
1176 2775 1253 2870 Qua

188 2911 338 2986 orante,
353 2920 424 2970 vox
443 2894 629 2968 desursum
647 2893 766 2968 audita
785 2910 837 2968 est
853 2919 863 2963 ε
877 2895 967 2970 Not·
980 2895 1116 2982 timere,
1135 2894 1179 2968 V
1173 2893 1256 2966 ala-

187 3016 247 3088 rt'a
257 3069 272 3102 ,
298 3018 386 3113 quia
415 3030 609 3116 expectant
637 3030 670 3085 te
695 3015 734 3085 in
756 3012 924 3086 claritate
951 3037 1034 3111 quoe
1057 3010 1160 3084 nullo
1170 3011 1257 3106 fine

187 3129 392 3203 claudetur.
408 3130 509 3203 Hanc
521 3155 648 3204 vocem
657 3128 803 3205 audiens
815 3129 919 3229 virgo
932 3128 1125 3219 exultavit,
1140 3142 1177 3202 et
1188 3128 1258 3204 ele·

223 3373 332 3447 (ι)οη
348 3374 475 3450 pourrait
493 3375 632 3431 s’dtonner
650 3375 686 3431 de
703 3376 765 3431 voir
784 3374 833 3431 des
851 3375 944 3432 Gotbs
963 3387 993 3432 et
1010 3374 1060 3432 des
1079 3375 1203 3432 Garum
1222 3393 1258 3432 en

189 3465 342 3541 Aquitaine
351 3465 419 3521 dans
427 3464 454 3521 le
463 3467 585 3540 premier
594 3464 674 3522 siecle
683 3466 719 3522 de
729 3476 811 3522 notre
825 3467 885 3535 ere,
901 3466 923 3521 si
938 3465 993 3520 l’on
1006 3483 1042 3520 nc
1055 3465 1140 3523 savait
1151 3483 1209 3543 que
1217 3463 1258 3522 les

188 3547 363 3629 legendaioes
375 3553 414 3608 du
427 3572 526 3629 moyen
539 3554 590 3628 ige
607 3574 643 3611 ne
655 3554 808 3610 reculaient
820 3554 921 3610 devant
933 3574 1024 3611 aucun
1036 3553 1256 3611 anachronismo.

189 3639 230 3699 (ἰ
241 3642 287 3698 fut
298 3660 335 3696 au
347 3653 584 3699 commencement
595 3644 634 3699 du
644 3653 674 3698 ν·
685 3643 766 3699 siecle
779 3644 863 3717 (412)
876 3662 931 3719 que
941 3643 981 3700 les
990 3642 1083 3701 Gotbs
1094 3645 1257 3700 eavahirent

188 3733 216 3790 h
226 3733 321 3790 bassin
333 3733 403 3790 dela
415 3735 561 3805 Garonrre,
572 3745 601 3790 et
611 3735 679 3791 dans
691 3735 717 3790 le
730 3747 847 3792 eourant
858 3735 897 3791 du
907 3744 949 3789 vr·
957 3753 1012 3810 que
1023 3734 1049 3790 la
1061 3730 1257 3811 Novempopu-

188 3823 263 3879 tante
274 3823 371 3898 perdit
382 3842 432 3880 son
448 3843 515 3880 nom
530 3843 602 3900 pour
613 3825 733 3900 prendre
746 3825 817 3880 celui
831 3825 867 3880 de
879 3824 1031 3893 Vasconis,
1043 3829 1193 3898 empruntd
1205 3845 1258 3882 rur

189 3913 316 3983 Vascone
326 3914 490 3989 d'Espagne.
504 3917 541 3970 Le
551 3916 609 3971 seul
621 3934 793 3990 personnage
806 3917 961 3990 historique
973 3915 1008 3971 de
1020 3933 1066 3973 ces
1074 3920 1200 3974 connect
1208 3920 1257 3993 qui

190 4000 231 4056 ait
239 3999 355 4074 porteto
368 4019 434 4057 nom
447 3992 606 4072 d’Etien'ne,
618 4014 707 4059 estun
717 4015 807 4061 courte
816 4003 1005 4076 d’Auvergne,
1016 4005 1064 4059 tue
1074 4023 1124 4077 par
1134 4003 1175 4062 ies
1184 4004 1258 4061 Nor·

190 4091 291 4147 manda
302 4108 340 4147 en
353 4090 414 4158 864.
