2916 4958
537 426 656 491 LIBER
675 425 888 488 SECUNDUS
1192 429 1254 488 299
1370 473 1375 486 .

183 567 220 627 et
244 575 313 652 ego
330 565 499 649 peccator
521 548 671 636 accedo,
696 547 925 623 devotionem
949 572 1067 620 meam
1095 545 1253 646 trepidus

182 663 357 754 exhibeo,
378 679 416 740 et
440 662 628 739 excellenti
651 663 845 739 Salvatoris
859 662 977 736 amico
994 662 1032 735 in
1054 659 1126 735 fide
1141 676 1179 735 et
1193 687 1254 762 spe

181 781 334 858 devotus
350 780 553 855 orationem
570 779 732 854 effundo.

235 899 453 977 oJoannes
480 898 685 973 beatissime
691 953 705 987 ,
732 897 870 973 Chresti
880 895 1091 997 familiaris
1115 897 1251 986 amice,

183 1018 251 1120 qui
268 1016 462 1092 abeodem
478 1016 639 1091 Domino
656 1016 745 1090 Jesu
765 1014 908 1087 Christo
924 1015 1031 1113 virgo
1051 1011 1202 1102 eiectus,
1221 1028 1256 1085 et

183 1137 280 1209 iuter
294 1150 441 1208 eeteros
463 1134 585 1232 magis
605 1132 779 1224 dilectus,
799 1148 908 1233 atque
929 1131 1107 1231 mystesiis
1123 1129 1254 1203 coeles-

184 1251 283 1327 tibus
304 1252 401 1324 ultra
422 1277 546 1325 omnes
568 1249 743 1341 imbutus,
769 1247 958 1352 apostolus
974 1249 1055 1349 ejus
1071 1264 1106 1321 et
1126 1249 1256 1322 Evau-

181 1367 318 1469 gelista
320 1364 455 1466 factus
473 1394 512 1441 es
521 1367 858 1469 praeclarissimum
874 1383 908 1440 te
922 1366 1138 1469 suppliciter
1150 1364 1257 1439 obse-

184 1510 248 1559 cro
260 1512 272 1557 ε
283 1511 343 1559 me
355 1487 539 1576 miserum,
553 1501 674 1561 tamen
685 1484 896 1586 diligentem
910 1502 956 1576 te,
970 1485 1098 1585 dilige,
1113 1509 1255 1584 quaeso,

184 1605 346 1702 meisque
358 1601 529 1703 precibus
546 1602 701 1679 clemens
723 1603 921 1677 exauditor
934 1602 1075 1675 adesto.
1100 1601 1258 1675 Labores

184 1744 302 1810 meos,
324 1734 359 1793 et
380 1746 564 1794 erumnas
585 1719 716 1820 quibus
738 1745 860 1819 ungor
880 1718 1051 1807 assidue,
1074 1733 1110 1789 et
1130 1717 1258 1790 multi-

184 1833 320 1941 modas
341 1835 569 1930 irfinuitotes
589 1837 753 1938 corporis
773 1838 867 1926 mei,
895 1860 1107 1935 morumque
1127 1834 1259 1907 moles-

186 1950 260 2028 ties
287 1978 448 2027 meorum
473 1956 634 2056 respice,
665 1955 873 2055 utericisque
899 1951 1088 2027 vivacibus
1106 1967 1148 2024 'et
1176 1977 1260 2025 ora·

186 2071 348 2146 tionibus
375 2098 449 2173 pro
481 2099 539 2146 me
572 2071 627 2148 ud
659 2073 861 2146 Dominum
886 2073 953 2173 pie
981 2070 1116 2144 oblatis
1144 2096 1170 2142 a
1203 2095 1261 2142 me

186 2187 384 2286 efficaciter
411 2215 563 2278 amove‚·
594 2206 635 2265 ut
661 2215 688 2264 a
713 2189 833 2292 culpis
862 2189 1103 2278 emundatus,
1135 2186 1260 2261 diuino

186 2302 305 2377 cultui
329 2331 472 2380 merear
495 2332 638 2409 semper
664 2305 839 2381 inherere
844 2361 859 2396 ,
892 2323 926 2380 et
938 2306 1117 2402 fidelium
1147 2306 1261 2378 niveoe

179 2420 371 2524 pltaimtgi
390 2426 573 2516 sociatus,
598 2434 724 2526 regem
743 2424 909 2500 Sabaoth
932 2428 971 2498 in
992 2441 1165 2499 cetemum
1182 2423 1260 2499 lau·

186 2535 293 2613 dare.
311 2542 445 2614 Amen.

236 2653 303 2731 Vl.
319 2655 475 2733 Jacobus
491 2660 629 2749 Minor,
648 2659 745 2734 filius
755 2658 897 2760 Alphaei
906 2712 917 2748 ,
932 2660 996 2759 qni
1013 2657 1052 2731 in
1064 2655 1262 2758 Evangelio

186 2774 401 2851 nominatur
422 2774 536 2853 frater
559 2779 729 2868 Domini,
757 2777 841 2878 quia
863 2775 977 2850 Maria
1001 2799 1096 2848 uxor
1120 2772 1261 2873 Alphei

186 2902 381 2965 matertera
394 2890 466 2964 fuit
476 2893 604 2967 matris
618 2894 790 2983 Domini,
806 2918 917 2994 qnam
927 2891 1080 2966 Mariam
1091 2887 1263 2989 Cleophae

186 3006 345 3096 loannes
372 3010 597 3112 Evangelista
623 3011 881 3112 cognominat,
910 3009 957 3083 ab
980 3008 1152 3109 apostolic
1178 3023 1263 3108 post

186 3123 435 3199 ascensionem
451 3126 599 3201 Domini
614 3128 927 3231 ierosolymorum
938 3126 1126 3230 episcopus
1141 3125 1263 3196 statim

187 3235 378 3312 oniinatus
389 3255 460 3332 est,
474 3255 511 3314 et
524 3242 681 3342 ejusdem
695 3242 786 3319 sedis
797 3243 974 3344 regimine
983 3268 1049 3342 per
1059 3265 1173 3313 annos
1188 3264 1262 3312 xxx

187 3354 329 3457 potitus
341 3371 407 3429 eat.
424 3358 703 3459 Ipsumomnes,
723 3375 796 3433 tam
809 3385 878 3460 pro
891 3359 988 3433 illius
1003 3357 1115 3431 nimia
1126 3357 1261 3430 sancti·

189 3484 266 3547 tate
295 3498 405 3573 quam
429 3499 499 3573 pro
527 3475 721 3550 salvatoris
746 3476 1078 3576 consanguinitate,
1109 3472 1263 3575 apostoli

189 3583 441 3679 honorabant,
464 3604 501 3664 et
516 3589 562 3665 de
577 3591 725 3668 diversis
740 3591 969 3697 regionibus,
987 3591 1077 3665 dum
1099 3591 1144 3664 ad
1165 3616 1265 3690 prae-

189 3703 386 3778 dicandum
407 3706 556 3808 dispersi
582 3727 720 3802 essent,
739 3711 784 3785 ad
806 3711 924 3812 ipsum'
940 3709 1101 3785 velutad
1123 3723 1264 3809 patrem

188 3824 410 3922 opportunis
438 3827 663 3927 temporibus
688 3826 947 3915 recurrebant,
977 3827 1266 3926 necessariosque

190 3935 377 4010 consultus
395 3936 535 4042 abipso
551 3957 628 4016 uta
645 3944 834 4045 magistro,
854 3959 966 4042 prout
982 3942 1075 4015 ratio
1092 3939 1265 4042 deposce-

190 4051 274 4138 bat,
296 4051 482 4130 humiliter
500 4057 719 4159 flagitabant.
1109 4048 1110 4051 Ἴ

243 4169 404 4245 Tandem
427 4175 579 4274 septimo
608 4176 763 4251 Neronis
791 4179 932 4278 imperii
961 4204 1080 4266 anno,
1111 4176 1198 4251 dum
1226 4176 1266 4248 in
