2894 4958
193 377 254 439 442
467 376 653 439 HISTORIA
674 376 979 439 ECCLESIASTICA.

191 514 254 575 xv⁰
280 499 351 572 kal.
384 498 612 587 novembris,
643 514 680 573 ct
705 499 851 573 cessavit
877 499 1101 599 episcopatus
1125 505 1264 577 mensi·

191 613 258 688 bus
276 616 334 715 ιι(
359 615 388 714 ).

240 733 417 805 Sisinnius
434 733 566 831 Syrus,
586 758 629 804 ex
648 746 750 832 patre
766 734 905 806 Joanne
915 785 927 821 ,
946 733 1038 806 sedit
1053 731 1183 807 diebus
1198 760 1260 808 xx.

189 851 257 926 llic
290 850 412 923 animo
442 865 609 924 constans
633 849 736 923 etde
760 850 932 923 Romanis
960 849 1138 924 sollicitus
1161 867 1260 941 erat,

189 965 250 1041 sed
271 966 424 1066 podagra
440 966 606 1041 detentus
626 965 734 1038 nimis
756 963 979 1039 anxiabatur.
1003 965 1184 1040 Vicesima
1204 966 1263 1040 dic

189 1083 429 1161 ordinationis
452 1111 524 1157 suae
543 1081 664 1157 subito
682 1084 878 1181 expiravit,
902 1099 939 1157 et
960 1083 1005 1156 ad
1027 1083 1177 1157 beatum
1192 1086 1262 1159 Pe-

191 1215 290 1273 trum
313 1197 472 1297 sepultus
494 1214 547 1272 est
553 1226 564 1287 ς
585 1212 621 1272 et
643 1199 789 1272 cessavit
806 1199 1028 1299 episcopatus
1044 1226 1171 1273 mense
1186 1225 1260 1274 uno
1291 1288 1296 1311 ἲ

189 1316 316 1392 diebus
333 1342 426 1391 xv111
441 1321 453 1415 (
478 1319 505 1413 ).

237 1433 496 1507 Constantinus
525 1434 657 1532 Syrus,
682 1460 725 1506 ex
754 1450 855 1532 patre
882 1435 1040 1521 Joanne,
1073 1432 1169 1506 sedit
1194 1460 1260 1505 an-

189 1550 245 1623 nis
269 1575 337 1623 v111
363 1547 487 1623 diebus
514 1574 575 1621 xv.
601 1548 667 1621 llic
693 1550 750 1621 vir
773 1549 874 1622 valde
898 1549 1015 1622 bonus
1041 1547 1128 1621 fuit.
1157 1551 1258 1621 Tunc

138 1654 142 1661 ’
188 1667 314 1739 Romae
345 1692 472 1766 magna
500 1664 610 1738 fames
640 1663 756 1738 tribus
783 1667 886 1738 annis
913 1666 1006 1738 facta
1034 1679 1117 1753 est,
1151 1692 1258 1765 quam

188 1783 342 1856 maxima
378 1780 521 1856 ubertas
555 1796 674 1855 secuta
704 1798 767 1855 est.
805 1783 1027 1855 Justinianus
1060 1784 1257 1881 imperator

189 1900 422 1975 Theodorum
445 1899 638 1999 patricium
667 1900 704 1971 in
732 1899 870 1971 ltaliam
894 1900 1016 1987 misit,
1049 1899 1258 1972 Ravennam

188 2017 283 2115 cepit
291 2070 302 2105 ,
321 2030 358 2089 et
366 2014 561 2113 superbum
574 2014 729 2089 Felicem
739 2014 1047 2115 archiepiscopum
1059 2012 1258 2087 luminibus

185 2133 368 2228 privatum
388 2133 428 2205 in
451 2132 571 2205 Ponto
594 2131 736 2204 exulare
756 2130 856 2204 fecit.
878 2133 970 2229 Papa
995 2155 1102 2218 vero,
1131 2145 1259 2230 rogatu

186 2247 328 2346 praefati
342 2247 536 2347 principis,
555 2247 910 2346 Constantinopolim
929 2272 1012 2318 cum
1029 2247 1155 2319 multis
1170 2271 1258 2345 pro-

184 2362 300 2439 fectus
316 2380 389 2450 est,
406 2379 442 2437 et
462 2362 596 2439 ibidem
611 2391 631 2435 a
647 2364 850 2437 Justiniano
867 2381 904 2437 ct
922 2361 1071 2437 Tiberio
1087 2362 1167 2436 filio
1184 2365 1256 2460 ejus

185 2506 226 2551 ac
239 2480 375 2579 populo
388 2481 544 2552 multum
556 2479 756 2555 honorifice
766 2497 948 2580 susceptus
959 2496 1025 2555 est.
1040 2480 1127 2555 Non
1139 2480 1257 2552 multo

185 2611 268 2696 post
287 2594 507 2696 Philippicus
532 2598 776 2671 Justinianum
799 2599 932 2672 occidit
956 2614 994 2673 et
1012 2625 1167 2699 regnum
1196 2599 1257 2669 in-

184 2712 286 2785 vasit.
305 2709 375 2786 Sed
391 2712 501 2811 paulo
517 2728 619 2812 post,
639 2715 716 2812 ipso
733 2714 904 2812 depulso,
920 2713 1125 2786 Anastasius
1144 2714 1257 2812 impe·
1291 2781 1295 2786 .

185 2831 281 2904 rium
301 2831 456 2929 suscepit
480 2847 516 2904 et
533 2857 627 2905 verae
646 2830 726 2905 fidei
752 2832 945 2905 consensit.
970 2829 1145 2902 Praefatus
1167 2855 1256 2929 papa

218 3115 258 3186 (a)
275 3115 324 3186 (ν’
339 3132 411 3169 mars
425 3112 527 3190 705-17
540 3114 653 3170 octobre
662 3116 737 3190 707.)
751 3115 801 3167 Les
816 3114 879 3168 faits
893 3113 1067 3168 mentionnes
1078 3113 1115 3166 ici
1129 3122 1180 3165 ont
1196 3109 1255 3182 defit

184 3205 229 3258 dte
246 3207 388 3278 supportes
405 3224 453 3278 par
466 3215 546 3260 notre
558 3216 657 3260 auteur
669 3203 820 3271 ci-dessus‚
840 3204 858 3258 l.
875 3225 897 3271 t,
912 3224 940 3278 p.
959 3208 1006 3279 147
1020 3214 1048 3258 ct
1068 3202 1127 3268 148.
1143 3203 1217 3255 Dans
1231 3201 1255 3254 la

185 3293 345 3349 restitution
358 3293 423 3347 saite
435 3312 485 3367 par
496 3293 610 3349 Aribert
623 3295 667 3362 ΙΙ,
685 3293 705 3348 il
721 3313 755 3348 ne
769 3295 900 3366 s'agissait
913 3313 961 3367 pas
974 3293 1022 3348 des
1037 3292 1119 3365 Alpes
1128 3291 1167 3344 du
1178 3301 1255 3344 mont

184 3381 313 3438 Geubvre
328 3402 363 3438 en
381 3401 482 3452 masse,
497 3383 565 3437 mais
582 3382 734 3438 seulement
750 3383 785 3438 de
798 3384 940 3439 domaines
952 3384 1000 3457 qui
1011 3402 1030 3454 y
1042 3382 1147 3436 emieat
1159 3381 1251 3434 situds.

184 3473 209 3528 Il
228 3484 270 3529 est
287 3473 421 3548 singulier
433 3492 488 3547 que
508 3461 619 3547 l’Egtise
634 3474 775 3541 romine,
798 3474 821 3529 si
840 3475 984 3547 soigneuse
1004 3471 1039 3526 de
1057 3487 1204 3526 conserver
1216 3468 1255 3523 les

182 3565 263 3620 titres
283 3563 319 3618 de
339 3581 381 3619 ses
399 3564 571 3637 proprie'te's,
595 3564 634 3619 ait
652 3564 731 3619 laissc'
751 3564 851 3638 perdre
870 3564 896 3618 le
915 3573 988 3618 texte
1005 3562 1041 3618 de
1064 3572 1138 3616 cette
1161 3561 1256 3614 claarte

185 3653 339 3707 aussi-bien
352 3671 406 3726 que
416 3652 451 3707 de
460 3652 528 3709 celle
537 3652 572 3707 de
584 3652 737 3727 Liutprand
751 3670 798 3707 sur
807 3652 833 3706 le
842 3653 932 3707 meme
943 3652 1024 3722 sujct.
1035 3652 1088 3704 Les
1100 3649 1255 3704 cimetibrss

185 3742 296 3813 repares
308 3760 359 3815 par
372 3760 403 3797 ce
418 3759 487 3815 pape
505 3754 568 3796 sont
583 3760 653 3796 ceux
664 3742 700 3798 de
712 3743 827 3797 Damase
842 3753 871 3797 et
883 3741 918 3796 de
931 3740 1100 3796 Salat-Marc
1117 3749 1147 3793 et
1163 3738 1254 3793 Saint-

186 3829 329 3886 Marcellin
346 3850 393 3886 sur
409 3832 435 3886 le
448 3832 559 3886 chemin
576 3831 705 3888 d’nrdte.
726 3833 749 3887 ll
768 3834 869 3888 rebant
886 3832 957 3886 aussi
972 3829 1075 3903 l'eglise
1093 3829 1129 3882 de
1148 3827 1254 3882 Sainte-

186 3921 311 3993 Eugc'nie
324 3923 434 3978 tombee
445 3941 480 3977 en
497 3923 601 3977 ruines.
616 3922 693 3977 Nous
703 3941 784 3978 avons
798 3923 859 3993 dejat
873 3921 950 3994 parle
963 3919 998 3974 de
1012 3920 1037 3974 la
1051 3915 1177 3990 chapelle
1190 3913 1257 3989 qu‘it

187 4012 347 4066 construisit
360 4016 375 4065 'a
387 4014 457 4067 saint
467 4013 572 4068 Piene.

216 4101 255 4170 (a)
274 4099 319 4166 (18
330 4098 467 4173 jannes-7
480 4101 580 4155 sevrier
590 4100 667 4175 708.)
