2894 4958
185 389 246 453 ste
459 389 644 452 meroen
666 390 971 481 ncctmnsnm.

233 509 333 583 Xlll.
352 507 457 582 Judas
470 511 597 584 Simon
615 511 792 587 scariotes
804 511 850 587 de
864 511 964 587 tribu
976 510 1135 590 Issaebar
1149 530 1248 591 ortus

185 643 259 718 est,
276 642 314 702 et
331 627 427 701 inter
441 627 629 703 duodecim
646 629 827 731 apostolos
846 648 1075 730 computatus
1096 651 1165 708 est.
1183 637 1249 713 Sed

184 747 283 847 quia,
303 744 422 820 lethali
440 744 634 847 cupiditate
646 745 900 838 inflammatus,
911 749 1045 825 lndoeis
1063 753 1250 853 specialem

184 864 409 965 magistrum,
420 862 794 965 dominumquesuum
804 868 1066 967 xxxargcnteis
1074 869 1248 961 vendidit,

185 978 403 1077 apostolatus
432 978 645 1078 dignitatem
672 979 848 1079 perdidit,
880 995 918 1054 et
946 980 1038 1056 male
1066 984 1261 1083 poenitens.

184 1096 294 1169 miser
308 1093 438 1195 laqueo
453 1120 490 1168 se
506 1093 705 1195 suspendit.
720 1096 893 1197 sequaces
909 1099 984 1196 ejus
998 1097 1120 1173 udbuc
1131 1101 1173 1174 in
1186 1100 1251 1175 Fc-

185 1212 288 1288 elesia
305 1212 411 1287 multi
428 1226 532 1303 sunt,
547 1212 611 1314 qui
625 1238 726 1303 eccm
739 1213 889 1289 nominc
904 1216 981 1290 aine
991 1215 1101 1316 justis
1116 1216 1252 1292 ectibtn

185 1331 388 1431 nuncupari
405 1330 549 1407 volunt.
567 1331 682 1432 Digna
699 1331 848 1433 quidem
859 1331 1028 1434 indignus
1047 1349 1088 1408 et
1103 1335 1253 1437 mysdm

185 1448 293 1522 ludas
319 1447 445 1522 habuit
469 1450 638 1539 nomina,
664 1447 796 1550 quibus
817 1449 895 1523 salsi
921 1449 1109 1526 christiani
1136 1452 1253 1556 typice

186 1566 408 1642 denotantur
421 1567 460 1641 in
476 1565 646 1642 Ecclesia.
661 1566 769 1641 ludas
785 1569 883 1643 enim
896 1567 1070 1670 corfitens
1081 1571 1253 1671 interpre-

186 1700 300 1780 tatur,
318 1711 394 1786 quo
410 1686 560 1761 nomine
576 1684 630 1758 illi
647 1685 919 1786 portenduntur
935 1687 1023 1787 qui,
1045 1701 1091 1760 ut
1108 1686 1161 1760 ait
1176 1710 1254 1787 apo

188 1803 323 1895 stolus,
343 1804 566 1879 confitentur
583 1829 619 1878 se
635 1828 740 1879 nosse
764 1805 900 1892 Deum,
922 1801 1027 1877 factis
1045 1819 1171 1879 autem
1192 1828 1254 1878 no-

186 1937 287 2022 gant.
309 1922 426 1997 Porro
444 1919 571 1993 Simon
590 1918 761 1994 obediens
782 1920 1057 2019 interpretatur,
1075 1944 1144 2020 per
1159 1917 1252 2020 quod

188 2036 405 2114 vocabulum
431 2037 633 2142 hypocriten
659 2053 696 2112 et
720 2036 965 2128 fraudulenti,
991 2037 1146 2140 salsique
1170 2035 1254 2113 obe·

187 2153 327 2230 dientes
341 2153 561 2254 figurantem
580 2155 643 2257 qui
661 2179 737 2228 non
750 2179 820 2255 pro
835 2180 958 2229 amore
976 2154 1043 2228 Dei
1059 2152 1255 2229 desiderio·

188 2297 260 2372 que
278 2270 415 2345 coelesti
432 2258 623 2348 dominicis
639 2271 830 2371 preceptis
852 2268 1088 2360 famulantur,
1110 2267 1173 2344 sed
1191 2292 1254 2370 pre

190 2388 290 2461 inani
307 2387 443 2489 gloria,
462 2387 694 2490 humanoque
708 2387 851 2476 lavore,
872 2387 1153 2488 mentitoriaque
1166 2412 1254 2461 mer·

191 2506 294 2593 cede,
323 2510 502 2606 majorum
527 2507 703 2581 mandatis
720 2509 836 2608 specie
860 2522 964 2582 tenen
989 2505 1251 2608 obsequuntur.

189 2621 219 2696 E
242 2621 374 2725 quibus
391 2622 534 2722 plures,
557 2640 599 2696 ut
615 2623 722 2697 ludas
740 2626 900 2713 Scariot,
927 2623 1039 2697 nimia
1063 2622 1253 2722 cupiditate

192 2757 432 2828 excaecantur,
451 2757 488 2815 et
500 2742 628 2817 relicto
642 2741 825 2817 bonorum
838 2740 971 2831 studio,
985 2741 1252 2841 consortioque,

193 2859 231 2932 in
249 2857 473 2934 detestabiles
489 2876 608 2935 reatus
622 2860 721 2934 ultro
738 2860 924 2948 labuntur,
944 2857 1170 2959 funibusque
1184 2882 1255 2957 pet>

192 2993 357 3050 catorum
365 2976 661 3051 indissolubiliter
670 2977 847 3077 illaqueati
855 2975 1122 3076 periclitantur.
1135 2975 1257 3047 Trans

193 3093 300 3167 itoria
316 3094 451 3194 quippe
466 3094 629 3168 mercede
647 3096 683 3169 in
702 3096 869 3193 praesenti
890 3093 1021 3168 saeculo
1035 3090 1256 3193 gaudent,et

193 3207 252 3282 bic
268 3236 337 3309 pro
359 3208 573 3310 quibusdam
598 3207 845 3284 honestatibus
867 3224 904 3283 et
921 3207 1121 3283 manifestis
1139 3205 1259 3282 obser·

192 3326 401 3401 rationibus
412 3345 557 3428 recepta
570 3328 904 3427 recompensatione
920 3326 1003 3401 elati
1021 3340 1192 3426 turgent5
1206 3318 1259 3397 sed

195 3444 233 3517 in
261 3443 390 3519 futuro
417 3444 657 3520 inextricabili
686 3471 782 3520 nexu
805 3444 1011 3533 constricti,
1039 3443 1207 3516 tartareis
1227 3440 1260 3512 in

194 3561 324 3637 cloacis
347 3560 541 3664 lugebunt,
566 3579 602 3638 et
626 3561 823 3636 inedicibili
847 3561 1109 3662 suppliciorum
1135 3580 1261 3658 genere

194 3703 263 3778 pro
276 3680 491 3779 perpetratis
505 3679 698 3755 sceleribus
712 3678 881 3770 cruciati,
895 3677 997 3753 omni
1011 3703 1072 3777 spe
1089 3673 1262 3750 remissio-

194 3795 252 3868 nis
269 3795 457 3872 carebunt.

247 3915 449 3991 Recedente
464 3917 509 3991 de
526 3932 627 3992 coetu
642 3916 842 4017 apostolico
853 3913 943 3987 luda
959 3910 1150 4013 proditore
1155 3964 1168 3999 ,
1181 3905 1264 4010 quid

196 4029 329 4105 residui
346 4050 578 4125 meruerunt,
596 4035 656 4136 qui
678 4061 762 4109 cum
779 4032 939 4108 Domino
959 4030 1043 4105 lesu
1057 4051 1265 4129 permanse-

196 4143 307 4219 runt'l
324 4146 502 4223 ineffabile
524 4150 632 4226 decus
655 4167 691 4226 et
713 4150 968 4250 sempiternam
989 4144 1262 4220 beatitudinem.
