2894 4958
539 402 657 472 LIBER
676 409 886 471 SECUNDUS.
1188 411 1249 473 ⁴29

184 533 189 561 ¹
236 530 446 607 Sabinianus
459 532 614 618 Tuscus,
626 529 669 604 de
683 530 824 604 civitate
838 530 950 619 Blesa,
963 528 1008 604 de
1019 547 1120 628 patre
1130 517 1248 621 Bono,

188 650 278 725 sedit
306 674 402 723 anno
425 673 500 721 uno
527 645 708 719 mensibus
732 672 756 720 v
777 644 903 718 diebus
929 669 982 717 tx.
1008 647 1113 717 Tunc
1135 647 1252 745 gravis

188 767 228 840 in
247 764 336 839 urbe
353 766 467 837 Roma
484 763 593 836 fames
608 762 693 834 suit.
712 763 805 860 Papa
820 787 928 850 vero,
951 786 1036 860 pace
1049 786 1131 832 cum
1145 777 1252 861 gente

187 880 507 983 Langobardorum
523 880 615 952 sacta
624 934 635 969 ,
646 880 753 978 jussit
767 879 905 978 aperire
922 876 1050 952 horrea
1065 879 1251 968 Ecclesiae,

190 1016 226 1074 et
241 998 436 1073 venundari
458 998 637 1071 frumenta
654 1025 720 1097 per
736 996 891 1071 solidum
907 1023 1022 1069 unum
1042 997 1152 1069 tritici
1169 1023 1253 1071 mo-

190 1114 267 1189 dios
280 1134 366 1186 xxx.
382 1115 425 1185 ln
437 1112 578 1186 ecclesia
589 1111 684 1185 beati
697 1112 795 1184 Petri
808 1111 959 1211 apostoli
975 1128 1028 1186 ιν
1044 1113 1114 1185 kal.
1133 1113 1253 1184 martii

190 1233 348 1331 sepultus
365 1246 429 1304 est.
448 1231 515 1302 llic
535 1229 715 1304 ordinavit
728 1230 912 1328 episcopos
929 1257 1034 1318 xxvi,
1053 1246 1090 1302 et
1108 1229 1256 1303 cessavit

191 1349 411 1448 episcopatus
425 1345 605 1420 mensibus
616 1374 653 1418 ιιι
667 1344 791 1420 diebus
803 1372 890 1419 vero
902 1374 991 1418 ιιιιιιι
1007 1347 1023 1445 (
1049 1346 1078 1440 l.

239 1463 450 1539 Bonefacius
470 1465 670 1552 Romanus,
697 1491 738 1538 ex
761 1479 863 1563 patre
882 1465 1021 1537 Joanne
1046 1465 1252 1554 Catadioee‚

191 1583 282 1656 sedit
307 1581 489 1655 mensibus
516 1609 581 1653 viu
611 1580 735 1655 diebus
762 1609 851 1654 xxu.
881 1583 948 1655 Hic
978 1581 1139 1657 obtinuit
1160 1583 1256 1681 apud

190 1703 322 1774 Focam
337 1700 538 1798 principem
557 1714 598 1771 ut
616 1698 712 1773 sedes
730 1697 922 1797 apostolica
938 1714 1045 1798 caput
1065 1713 1153 1773 esset
1170 1725 1254 1772 ornd

192 1818 295 1890 nium
317 1815 563 1904 ecclesiarum,
583 1816 667 1915 quia
690 1817 1087 1914 Constantinopolitano
1112 1817 1256 1890 ecclesia

193 1959 229 2005 se
245 1933 417 2004 Romanae
432 1930 664 2029 praeferebat,
683 1946 720 2004 et
735 1932 890 2030 primam
906 1958 942 2004 se
958 1933 1123 2004 omnium
1137 1931 1256 2006 eccle-

194 2051 325 2122 siarum
341 2047 532 2122 scribebat.
547 2049 714 2148 Sepultus
730 2065 783 2122 est
801 2064 919 2122 autem
937 2050 975 2122 in
989 2049 1131 2124 ecclesia
1143 2051 1256 2122 sancti

193 2165 290 2238 Petri
308 2164 459 2264 apostoli
475 2178 516 2235 11⁰
534 2163 612 2236 idus
627 2163 845 2238 novembris.
861 2165 928 2236 Hic
944 2167 1164 2239 consecravit
1176 2165 1257 2265 epi-

195 2307 321 2381 scopos
341 2308 424 2372 xxi,
449 2296 486 2354 et
511 2281 656 2353 cessavit
681 2281 902 2382 episcopatus
925 2281 1106 2355 mensibus
1130 2311 1154 2355 ιι
1175 2282 1257 2356 die-

193 2395 262 2471 bus
278 2423 315 2472 v1
330 2399 346 2497 (
372 2399 399 2496 )
883 2406 885 2409 ’

244 2513 456 2588 Bonefacius
474 2514 619 2589 natione
635 2513 859 2605 Marsorum,
876 2515 921 2590 de
935 2517 1079 2590 civitate
1096 2515 1258 2605 Valeria,

196 2643 239 2705 'ex
257 2646 358 2728 patre
374 2631 511 2705 Joanne
527 2630 668 2704 medico
677 2683 688 2720 ,
713 2631 803 2705 sedit
820 2633 923 2704 annis
939 2657 977 2706 vr
996 2630 1177 2706 mensibus
1194 2657 1260 2707 v111

197 2746 321 2820 diebus
348 2771 427 2819 xm.
459 2748 571 2846 Hujus
594 2735 757 2848 tempore
783 2749 892 2822 fames
919 2765 958 2821 et
985 2749 1197 2848 pestilentiae
1225 2764 1262 2823 et

199 2862 450 2937 inundationes
463 2891 634 2964 aquarum
645 2866 859 2967 gravissimae
868 2864 1028 2938 suerunt.
1044 2866 1148 2936 Turre
1158 2871 1262 2965 petiit

198 3007 286 3082 papa
306 2979 516 3055 Bonelacius
533 3008 551 3053 a
567 2983 659 3057 Foca
679 2975 842 3083 principe
861 2983 1054 3082 templum,
1075 2983 1174 3083 quod
1196 3010 1264 3082 ap-·

198 3099 353 3198 pellatur
369 3095 588 3187 Pantheum,
605 3115 641 3172 et
658 3099 888 3199 impetratum
902 3099 1077 3172 dedicavit
1090 3100 1127 3172 in
1143 3098 1263 3173 hono⁴

199 3239 277 3287 rem
304 3215 469 3288 omnium
493 3229 713 3288 sanctorum.
741 3215 808 3287 Hic
828 3214 922 3313 apud
944 3213 1092 3286 beatum
1115 3217 1262 3289 Petrum

199 3330 401 3430 apostolum
415 3330 580 3404 v111⁰kal
591 3332 685 3431 junii
701 3331 859 3433 sepultus
875 3347 941 3406 est.
957 3323 1153 3433 Episcopos
1166 3330 1265 3408 ordi-

201 3717 292 3772 Roma
309 3718 504 3788 subterranea,
519 3730 542 3786 t,
556 3738 585 3793 p.
609 3717 667 3775 161.
681 3719 719 3774 1ae
730 3721 910 3775 secretarium
922 3718 970 3774 des
986 3719 1083 3792 eglises
1095 3716 1265 3791 pontificales

202 3807 271 3861 etait
278 3824 334 3861 une
342 3807 463 3862 sacristia
473 3807 648 3880 particuliere
656 3826 710 3863 aux
718 3825 817 3883 papea,
828 3806 897 3863 dans
905 3805 1022 3882 laquelle
1033 3805 1066 3861 ils
1077 3823 1105 3861 se
1115 3805 1270 3862 mvetaient·

202 3897 238 3952 de
252 3897 326 3953 leurs
339 3898 432 3953 habits
445 3899 620 3972 pontilicaux.

238 3989 277 4057 (ι)
295 3985 341 4057 (13
355 3988 509 4062 septembre
521 3987 623 4055 604-22
640 3988 741 4043 sermea
757 3987 832 4060 606.)
848 3989 934 4045 Blesa
947 4005 985 4043 ou
997 3986 1084 4042 Blera
1099 3997 1141 4043 est
1152 3988 1267 4060 aujour-

204 4075 282 4129 d‘hui
295 4076 392 4144 Bieda,
407 4080 423 4131 a
435 4076 483 4132 dix
494 4077 583 4133 milles
596 4077 631 4133 de
644 4077 772 4134 Viterbe.

239 4163 278 4233 (a)
295 4161 341 4233 (25
353 4164 616 4221 tenter-novembre
627 4164 703 4235 606.)
