2916 4958
260 398 319 460 448
535 397 718 460 HISTORIA
740 398 1043 462 ECCLESIASTICA.

260 533 402 594 coactus
427 527 479 590 est
502 542 571 616 pro
595 532 725 589 sanctae
748 518 915 592 Ecclesiae
939 518 1146 594 defensione
1172 520 1331 596 Gallim

259 634 370 707 adire.
388 632 560 731 Pippinus
573 658 659 707 vero
677 660 740 706 rex
758 659 841 705 cum
857 634 1002 708 Francis
1020 662 1104 709 eum
1125 635 1332 713 honorifice

258 751 429 848 suscepit,
448 763 484 821 et
501 746 657 822 hiemare
677 748 830 820 Parisius
853 749 895 823 ad
917 751 1087 823 Sanctum
1108 753 1329 855 Dionysium

257 865 357 939 fecit.
376 872 499 938 Postea
515 891 597 937 cum
617 865 775 938 exercitu
797 864 984 940 Gallorum
1001 868 1145 967 Papiam
1161 868 1327 960 obsedit,

258 998 295 1059 et
311 981 507 1054 Aistulfum
526 982 697 1054 Romanis
711 1007 834 1079 pacem
846 984 968 1079 jurare
987 985 1117 1083 coegit.
1137 985 1207 1058 Sed
1222 1003 1330 1084 post-

258 1127 366 1202 quam
377 1098 549 1198 Pippinus
561 1099 604 1170 ad
618 1125 677 1169 sua
689 1123 850 1171 reversus
866 1115 937 1188 est,
954 1101 1132 1173 Aistulfus
1148 1105 1327 1202 pejeratus

257 1234 323 1293 est.
343 1220 495 1290 Romam
507 1216 604 1289 enim
622 1240 659 1289 ιν
672 1213 853 1288 mensibus
871 1215 1029 1306 obsedit,
1048 1234 1084 1291 et
1096 1220 1211 1292 multa
1226 1247 1328 1294 sanc-

257 1350 382 1408 torum
409 1357 560 1430 corpora
588 1329 757 1404 effodiens
786 1333 961 1406 cimiteria
992 1333 1153 1407 violavit.
1189 1337 1327 1409 lterum

257 1453 449 1551 Pippinus,
470 1447 635 1548 precibus
657 1475 760 1547 papae
776 1449 924 1539 ductus,
942 1452 1084 1550 Papiam
1103 1451 1269 1541 obsedit,
1291 1469 1328 1528 et

258 1595 277 1641 a
306 1572 451 1666 perjuro
478 1566 684 1636 Ravennam
713 1579 749 1637 et
774 1563 952 1637 Narnium
984 1592 1025 1638 ac
1048 1566 1259 1639 Ariminum
1291 1582 1328 1642 et

257 1684 371 1756 multa
383 1683 449 1753 alia
466 1707 546 1781 quae
565 1678 678 1751 ablata
692 1679 835 1753 fuerant
844 1736 854 1769 ,
868 1679 974 1755 beato
987 1684 1094 1756 Petro
1107 1683 1209 1757 reddi
1225 1710 1328 1758 com-

256 1802 364 1902 pulit.
384 1800 467 1873 Non
481 1799 597 1871 multo
610 1813 692 1896 post
705 1798 880 1871 Aistulfus
895 1800 933 1871 in
947 1816 1095 1892 venatu,
1111 1800 1239 1875 divino
1251 1802 1328 1874 ictu

256 1945 455 2020 percussus,
471 1916 598 2016 periit,
614 1930 649 1988 et
663 1915 863 1989 Desiderius
875 1915 948 1988 dux
964 1943 1117 2016 regnum
1130 1920 1204 2016 ejus
1223 1919 1329 1991 inva-

257 2038 316 2110 sit.
337 2033 536 2133 Stephanus
553 2059 641 2130 papa
659 2057 707 2105 xv
720 2032 904 2131 episcopos
920 2033 1100 2107 ordinavit
1110 2089 1121 2122 ,
1141 2061 1183 2107 ac
1202 2037 1329 2135 Pippi-

258 2181 348 2228 num
381 2178 501 2252 regem
533 2150 756 2221 Francorum
785 2165 892 2250 atque
921 2150 1131 2223 Bertradam
1163 2153 1328 2251 reginam

258 2288 294 2345 et
310 2270 403 2343 filios
426 2294 552 2342 eorum
572 2267 747 2339 Karolum
770 2281 806 2339 et
830 2267 1118 2341 llarlomannum
1137 2294 1329 2342 consecra-

257 2389 323 2461 vit.
342 2385 478 2459 Deinde
495 2409 581 2456 vero
595 2383 666 2455 kal.
685 2384 769 2454 maii
788 2383 832 2455 ad
849 2382 992 2456 beatum
1014 2390 1161 2456 Petrum
1178 2403 1328 2486 aposto-

257 2503 333 2575 lum
351 2498 509 2598 sepultus
523 2512 595 2583 est,
618 2513 654 2570 et
666 2499 811 2570 cessavit
828 2499 1051 2597 episcopatus
1068 2497 1194 2573 diebtus
1209 2525 1234 2573 v
1253 2503 1270 2599 (
1294 2503 1324 2599 ).

307 2616 435 2690 Paulus
462 2616 663 2702 Romanus,
695 2613 864 2712 Stephani
890 2614 1022 2703 frater,
1054 2617 1145 2689 sedit
1169 2618 1276 2690 annis
1303 2643 1327 2691 x

256 2759 378 2808 mense
406 2756 432 2803 1.
459 2729 526 2801 Hic
551 2745 713 2828 tempore
736 2729 964 2802 Constantini
994 2746 1030 2803 et
1054 2732 1185 2804 Leonis
1212 2734 1326 2806 multa

255 2853 353 2927 bona
377 2864 543 2949 operatus
568 2863 632 2921 est.
660 2848 858 2946 Episcopos
884 2872 930 2919 tx
951 2848 1153 2937 ordinavit,
1183 2864 1220 2923 et
1246 2867 1327 2950 post

255 2971 330 3068 ejus
348 2965 491 3039 obitum
515 2963 662 3036 cessavit
682 2964 905 3062 episcopatus
928 2989 1024 3036 anno
1051 2988 1064 3036 1
1090 2980 1273 3040 otmense
1294 2991 1323 3055 t,

256 3083 401 3186 quando
418 3081 674 3153 Constantinus
694 3094 932 3178 transgressor
952 3079 1187 3178 apostolicam
1207 3081 1325 3157 sedem

257 3201 418 3299 invasit(
444 3198 474 3298 ).

289 3448 330 3517 (1)
348 3440 395 3513 (26
406 3458 479 3494 mars
495 3436 599 3514 752-25
616 3438 684 3494 avril
700 3437 775 3514 757.)
789 3441 897 3513 Voyez,
913 3459 961 3497 sur
973 3441 999 3498 le
1016 3461 1118 3517 voyage
1133 3431 1282 3501 d’lltienne
1296 3446 1324 3501 Π

255 3555 291 3592 en
302 3535 420 3598 France,
435 3528 583 3596 ci·dessus‚
598 3528 618 3582 l.
632 3547 657 3596 1,
672 3547 699 3602 p.
718 3528 780 3597 154,
798 3541 863 3586 note
877 3548 901 3584 a.
919 3535 956 3588 Le
971 3534 1093 3605 premier
1104 3533 1180 3608 siege
1193 3533 1230 3590 de
1244 3535 1324 3591 Pavie

254 3637 303 3683 eut
318 3624 374 3679 lieu
387 3641 422 3677 en
437 3619 505 3696 754,
521 3619 548 3674 le
562 3620 636 3691 sie'ge
649 3619 684 3674 de
698 3618 787 3675 Rome
800 3640 850 3694 par
862 3622 966 3677 Astolsc
981 3625 997 3677 a
1014 3623 1101 3697 partis
1114 3623 1153 3678 du
1170 3633 1204 3679 ι·Ι
1216 3623 1325 3694 janvier

255 3713 323 3791 755,
334 3724 362 3768 et
371 3711 397 3767 le
411 3708 512 3766 second
521 3710 595 3781 siege
607 3708 642 3764 de
651 3709 732 3764 Pavie
746 3709 814 3764 dans
825 3712 851 3765 le
862 3723 979 3767 conrant
988 3711 1023 3767 de
1035 3713 1061 3767 la
1072 3713 1164 3769 meme
1176 3718 1275 3769 mode.
1287 3716 1324 3769 Le

255 3804 371 3860 nombre
386 3801 435 3856 des
450 3799 540 3874 places
558 3799 711 3873 qu’nstotfe
728 3801 772 3855 fut
788 3800 881 3874 oblige'
900 3802 936 3856 de
953 3802 1037 3858 liner
1055 3821 1090 3858 au
1105 3821 1176 3876 pape
1196 3803 1293 3859 s’e'leva
1309 3807 1325 3858 l

254 3894 432 3967 vingt-deur,
448 3891 536 3965 parmi
546 3890 690 3965 lesquelles
706 3910 743 3946 on
756 3892 1053 3966 remarqueRavenne,
1070 3893 1192 3962 tumim,
1204 3894 1323 3964 Pemm,

254 3984 345 4051 Fano,
356 3983 475 4050 (lesere,
487 3980 650 4054 Sinigaglia,
667 3980 755 4049 Forli,
767 3968 934 4038 Comacchio
946 3993 975 4038 et
987 3984 1084 4039 Narni.
1098 3983 1138 4039 Ce
1150 3985 1193 4039 roi
1208 3998 1325 4041 mourut

254 4081 283 4128 et
296 4073 338 4125 lut
350 4069 486 4142 remplace
498 4088 548 4143 par
561 4068 587 4124 le
601 4069 656 4125 duc
667 4069 765 4125 Didier
777 4089 812 4126 au
822 4082 1060 4126 commencement
1071 4072 1106 4127 de
1119 4071 1180 4146 756.

289 4160 329 4230 (a)
347 4160 394 4231 (29
405 4157 459 4212 mai
472 4155 574 4231 757-28
580 4157 644 4227 juin
656 4157 730 4232 767.)
742 4159 780 4214 Le
792 4158 936 4232 pontificat
943 4158 979 4214 de
991 4177 1023 4215 ce
1033 4177 1103 4233 pape
1116 4160 1161 4217 αἰ
1169 4160 1253 4234 point
1263 4178 1325 4216 cor·
