2916 4958
202 368 260 427 ns
475 365 659 426 ursroara
681 328 987 428 acouususrteu

200 487 291 559 vidit
315 487 552 587 paralyticum
568 491 767 584 jacentem,
793 502 829 559 et
852 487 896 558 ab
917 513 961 561 eo
977 490 1092 560 sanari
1111 488 1267 565 fideliter

199 619 425 703 poscentem,
451 620 488 678 et
509 605 559 676 ait
586 603 674 676 illi:
700 606 746 675 In
764 607 908 677 nomine
926 607 1096 704 crucifixi
1111 608 1267 681 Danuui

199 728 270 795 mei
286 722 377 795 Jesu
398 721 553 810 Christi,
571 747 641 821 pro
664 723 770 821 eujus
794 747 916 794 amore
933 722 1049 795 ducor
1068 723 1123 794 od
1140 723 1266 796 decol-

200 841 385 928 lationem,
408 840 545 938 eaurge
555 865 681 928 sanus,
700 856 734 910 et
745 838 894 911 benedic
908 839 1133 915 Salvatorem
1148 857 1262 914 tuum'.

175 1052 176 1056 Ἰ
199 955 269 1048 Qui
297 956 465 1054 protinus
490 955 668 1042 surrexit,
698 970 733 1027 et
758 955 913 1055 gaudens
942 981 1105 1045 currere,
1136 957 1266 1032 Domi-

196 1097 358 1171 numque
384 1069 595 1145 benedicere
618 1072 745 1170 coepit.
771 1071 877 1164 Quod
902 1070 1030 1145 videns·
1053 1074 1193 1161 tostas,
1221 1072 1266 1147 ad

194 1187 301 1286 pedes
321 1185 472 1284 apostoli
490 1187 649 1274 corruit,
670 1202 706 1260 et
724 1186 983 1287 indulgentiam
1003 1187 1048 1259 ab
1069 1214 1112 1265 eo
1139 1187 1265 1261 humi-

197 1303 281 1375 liter
298 1303 439 1401 petivit.
499 1319 504 1326 ’
543 1319 545 1323 ’

244 1419 396 1492 Jacobus
414 1435 533 1494 autem
547 1421 749 1522 intelligens
766 1447 830 1495 cor
843 1426 954 1520 ejusa
968 1426 1043 1498 Deo
1062 1424 1261 1516 visitatum,

194 1537 332 1636 gavisus
350 1551 417 1625 est,
442 1552 478 1610 et
494 1537 606 1612 Josias
626 1538 821 1611 Dominum
847 1542 968 1614 Jesum
991 1566 1117 1615 verum
1144 1540 1263 1613 filium

192 1658 260 1730 Dei
274 1657 344 1728 vivi
358 1655 539 1729 coufessus
552 1672 618 1727 est.
633 1657 737 1727 Tunc
752 1654 925 1730 Abiathar
936 1657 1023 1731 fecit
1034 1654 1117 1731 eum
1129 1659 1263 1747 teneri,

195 1789 232 1847 et
253 1768 293 1848 os
312 1775 386 1870 ejus
401 1773 531 1872 pugnis
549 1772 650 1844 caedi.
670 1773 809 1845 Deinde
826 1773 931 1845 missa
952 1773 1063 1848 de'eo
1084 1774 1263 1848 relatione

191 1887 236 1960 ad
266 1887 466 1975 Herodem,
500 1887 705 1987 impetravit
738 1903 780 1958 ut
810 1887 1061 1962 decollaretur.
1096 1888 1263 1988 Cumque

192 2000 346 2075 Jacobus
371 2028 455 2074 eum
476 2001 657 2074 osculatus
679 2000 828 2089 fuisset,
854 2028 1004 2074 manum
1027 2028 1127 2074 suam
1154 2008 1263 2103 super

192 2133 300 2217 eaput
317 2121 391 2216 ejus
410 2117 548 2215 posuit,
571 2116 759 2215 ipsumque
777 2114 873 2188 facto
887 2116 1071 2216 signaculo
1090 2118 1207 2190 crucis
1225 2118 1263 2189 in

193 2235 316 2307 fronte
333 2236 408 2328 ejus
425 2229 622 2304 benedixit.
642 2232 701 2302 Sic
723 2231 902 2330 perfectus
922 2233 960 2304 in
982 2233 1051 2305 fide
1070 2259 1154 2305 cum
1174 2259 1263 2332 apo-

193 2351 287 2423 stolo
300 2346 495 2421 decollatus
506 2361 572 2434 est,
587 2363 623 2419 et
634 2343 809 2420 ambobus
817 2349 1147 2423 remunerationem
1158 2366 1262 2424 aeter·

194 2494 278 2539 nam
296 2464 527 2563 omnipotens
546 2462 757 2537 Emmanuel
775 2462 924 2562 largitus
942 2481 1005 2537 est.

242 2581 501 2654 Consummato
527 2579 649 2679 itaque
669 2575 764 2652 beati
790 2577 913 2653 Jacobi
930 2579 1105 2677 apostoli,
1137 2578 1261 2654 fratris

192 2697 323 2799 egregii
335 2694 749 2794 JoannisEvangelistae,
761 2698 957 2796 martyri0,
976 2694 1075 2795 quod
1087 2710 1172 2769 v1n⁰
1186 2697 1258 2770 kal.

193 2813 331 2914 augusti
342 2810 468 2884 festive
484 2808 640 2882 celebrat
653 2809 817 2882 Ecclesiae
829 2810 974 2885 devotio
983 2865 994 2900 ,
1003 2819 1144 2910 ‘septem
1156 2810 1262 2884 disei-

190 2932 267 3033 puli
285 2935 381 3030 ejus,
402 2929 465 3029 qui
482 2926 527 2999 ab
541 2954 584 3000 eo
603 2928 638 3000 in
652 2955 733 3002 vera
748 2928 818 3001 lide
837 2930 991 3002 instituti
1010 2929 1166 3028 passioni
1182 2931 1261 3028 ejus

191 3048 455 3135 interfuerunt,
489 3071 619 3144 corpus
652 3051 725 3144 ejus
755 3045 927 3119 divinitus
955 3045 1072 3119 edocti
1108 3062 1260 3119 vetustae

190 3168 273 3240 navi
295 3166 565 3263 imposueruut;
589 3163 733 3262 altoque
751 3164 896 3262 pelago,
916 3165 992 3235 sine
1013 3164 1259 3264 gubernatore

190 3283 464 3382 necessariisque
485 3282 752 3370 instrumentis,
772 3307 808 3354 se
824 3280 1050 3381 dispensante
1063 3283 1141 3355 Deo
1158 3307 1259 3356 com-

189 3404 379 3476 miserunt.
405 3398 464 3470 Sic
484 3399 578 3471 miro
595 3399 705 3472 modo
724 3398 761 3470 iu
780 3398 984 3497 Hispaniam
997 3398 1135 3497 appulsi
1149 3415 1255 3489 sunt,

191 3535 226 3594 et
241 3545 268 3589 a·
277 3544 360 3615 rege
377 3513 537 3586 Galliciae
560 3516 712 3613 suscepti
731 3516 890 3612 primum
914 3513 1023 3588 fidem
1048 3532 1083 3587 et
1105 3514 1258 3615 religio-

194 3660 278 3707 uem
303 3631 415 3703 lberis
443 3628 750 3730 praedicaverunt,
783 3628 904 3732 ibique
932 3628 1174 3704 reiterabilem
1200 3656 1258 3703 se-

192 3750 375 3850 pulturam
404 3747 576 3846 magistro
606 3749 671 3819 suo
700 3746 816 3847 adepti
848 3763 945 3821 sunt.
977 3748 1089 3820 Multa
1121 3745 1257 3821 ibidem

192 3863 360 3938 miracula
379 3863 517 3936 meritis
539 3866 651 3935 sancti
670 3864 792 3936 Jacobi
817 3863 968 3964 apostoli
984 3862 1074 3935 facta
1094 3877 1256 3951 sunt-,et

195 3981 409 4055 habitatores
429 3980 537 4051 totius
555 3979 751 4078 provinciae
760 3983 836 4077 jam
849 3980 985 4052 dudum
996 3979 1128 4050 Christi
1146 3976 1257 4050 fidem

193 4109 434 4195 susceperunt.
448 4095 488 4166 ln
501 4093 579 4166 sede
588 4093 784 4192 pontificali
797 4093 1017 4168 carronieales
1027 4091 1165 4167 asseclae
1176 4118 1261 4190 pre-
