2894 4958
527 427 644 490 LIBER
663 425 872 491 SECUNDUS.
1173 430 1229 495 ³81

168 544 272 624 flexis
287 562 323 622 et
337 545 502 619 manibus
518 548 563 620 ad
582 547 718 621 coelum
736 548 903 635 intentis,
919 547 1144 623 orationihus
1162 553 1235 624 exi-

168 679 250 738 tum
266 689 371 735 suum
388 663 522 735 muniri
542 663 692 735 curavit.
716 661 771 736 Ad
787 663 956 736 ultimum
973 689 1061 739 vero
1082 663 1173 740 hanc
1189 668 1234 740 ad

168 778 369 854 Dominum
392 803 518 852 vocem
545 776 640 850 fudit
663 779 739 851 :In
768 804 900 852 munus
923 777 1026 870 'tuan
1054 780 1231 873 Domine,

171 894 386 970 commendo
398 896 567 997 spr'ritum
578 921 708 967 meum.
721 895 870 968 Cunctis
881 910 1000 970 autem
1014 895 1184 972 flentibus
1198 916 1235 973 et

169 1011 379 1103 orantibus,
400 1013 474 1113 ipse
487 1038 598 1084 manu
615 1012 768 1086 innuens
786 1028 827 1085 ut
843 1012 1007 1103 silerent,
1025 1011 1141 1087 dixit:
1161 1007 1235 1089 Tn-

169 1145 268 1217 erte·
280 1126 461 1229 numquid
475 1153 548 1201 non
561 1126 698 1201 auditis
716 1145 865 1227 quantae
880 1129 1031 1202 venium
1047 1129 1176 1203 londes
1189 1131 1237 1205 de

169 1244 299 1320 coelo?
313 1245 417 1319 Certe
431 1246 613 1319 Dominus
628 1247 728 1319 uenit
741 1247 837 1319 sicut
848 1248 1031 1348 promisit.
1050 1249 1235 1323 Continuo

169 1360 237 1435 lux
259 1387 386 1463 magna
411 1359 544 1435 ibidem
563 1360 726 1453 refulsit,
750 1379 788 1436 et
812 1388 884 1437 vox
905 1364 1052 1439 Domini
1077 1367 1237 1439 vocantis

170 1504 257 1555 eum
277 1480 466 1581 personuit
481 1511 489 1552 :
504 1479 713 1580 Egredcre,
733 1480 923 1554 benedicta
938 1484 1078 1556 anima.
1100 1482 1238 1559 Deinde

170 1620 258 1669 cum
275 1596 352 1696 ipso
372 1595 561 1696 splendore
578 1596 617 1669 in
638 1596 771 1670 coelum
791 1599 969 1696 perrexit,
988 1617 1025 1674 et
1041 1615 1239 1676 concentus

171 1712 322 1788 interim
352 1712 562 1815 angelorum
589 1713 732 1787 auditus
758 1729 824 1788 est.
856 1717 899 1788 ln
925 1717 1123 1791 crastinum
1150 1716 1238 1792 hora

170 1833 280 1907 tertia
298 1832 515 1933 paralyticus
531 1831 677 1934 qnidam
694 1833 813 1933 tetigit
829 1832 1003 1908 feretrum
1023 1837 1097 1935 ejus
1117 1851 1154 1911 et
1169 1814 1237 1910 sta-

171 1948 242 2023 tim
261 1947 376 2022 factus
392 1964 446 2022 est
462 1974 581 2022 sanus.
601 1948 765 2050 Cumque
782 1948 826 2022 ad
843 1949 1088 2049 sepeliendum
1108 1977 1239 2052 corpus

170 2064 270 2140 iilius
281 2063 497 2155 deferretur,
512 2065 549 2138 in
561 2063 649 2139 hora
659 2065 870 2166 egressionis
880 2065 923 2140 ad
934 2067 1055 2140 Sancti
1068 2067 1240 2168 Stephani

170 2180 357 2279 hosilicam
377 2182 462 2257 coeli
481 2183 596 2282 aperti
613 2197 718 2273 sunt,
743 2195 781 2256 et
800 2179 928 2282 bajulis
943 2185 1057 2258 sancti
1077 2187 1240 2286 corporis

172 2299 408 2402 pergentibus
424 2325 537 2400 nsque
549 2296 593 2372 ad
605 2299 727 2372 locum
742 2297 936 2399 sepulturae
948 2325 1088 2400 semper
1103 2303 1241 2402 aperie-

172 2412 322 2490 bantur.
350 2417 526 2490 Praeterea
554 2415 680 2488 multis
706 2414 750 2488 ad
778 2416 943 2516 exequias
973 2415 1241 2493 confluentibus

172 2530 350 2622 infirmis,
368 2527 493 2607 beatus
505 2531 737 2633 Alpinianus,
755 2533 932 2633 accipiens
945 2533 1130 2611 sudarium
1146 2536 1241 2612 beati

172 2649 380 2753 pontificis,
410 2664 631 2751 aegrotorum
660 2675 816 2750 corpora
836 2649 1004 2752 tangebat
1029 2667 1067 2727 et
1092 2669 1241 2729 cunctos

173 2765 222 2842 sd
244 2767 510 2843 invocationem
534 2764 669 2840 Christi
695 2765 853 2841 sanabat.
880 2770 982 2844 Inter
996 2768 1156 2871 reliquos
1173 2769 1243 2872 hy-

174 2882 346 2985 dmpicus
363 2881 510 2985 quidam
531 2909 575 2957 ex
593 2882 770 2971 Tolosana
791 2882 883 2959 urbe
897 2883 1066 2961 advectus
1085 2903 1140 2960 est
1159 2914 1243 2961 cum

175 3026 239 3078 tex
259 3002 362 3076 caecis
389 3017 427 3077 et
454 3017 612 3104 quatuor
633 3003 883 3093 daemoniacis,
911 3003 973 3105 qui
998 3006 1160 3107 sequenti
1185 3005 1244 3082 dic

175 3134 261 3221 post
271 3118 416 3195 obitum
427 3120 541 3193 sancti
554 3119 716 3220 praesulis
730 3120 774 3193 ad
787 3120 991 3222 sepulcrum
1004 3121 1099 3196 illius
1112 3149 1244 3225 reprae·

176 3239 308 3315 tentati
324 3251 462 3313 suntet
478 3239 568 3312 sacri
584 3237 716 3312 sudarii
733 3253 832 3312 tactu
848 3240 961 3314 sanati
977 3255 1075 3315 sunt.

227 3354 422 3428 innumera
437 3381 503 3453 per
517 3354 780 3427 sanctissimum
792 3352 983 3454 presulem
998 3371 1081 3456 post
1095 3357 1247 3432 tumula-

177 3467 319 3544 tionem
334 3470 408 3567 ejus
423 3468 594 3541 miracula
611 3467 704 3542 facta
720 3484 825 3559 sunt,
844 3496 927 3571 quae
942 3472 1151 3572 singillatim
1167 3499 1246 3548 om·

178 3583 240 3657 nia
257 3607 335 3683 prae
353 3583 490 3684 ingenti
509 3584 610 3683 copia
633 3584 769 3684 scripto
789 3583 1046 3685 comprehendi
1066 3613 1143 3663 non
1162 3614 1250 3687 pos-

179 3713 280 3774 sunt.
298 3701 471 3776 Fortassis
485 3701 543 3774 cui
561 3698 638 3774 haec
655 3726 731 3775 non
751 3701 949 3791 sufficiunt,
968 3729 1035 3777 nec
1051 3702 1245 3804 ampliora,

179 3817 211 3891 si
227 3815 488 3911 scriberentur,
508 3818 692 3894 volumina
709 3819 941 3917 sufficerent(
966 3820 997 3919 ).

214 4103 257 4175 (ι)
274 4103 329 4159 Cet
344 4113 417 4161 actes
430 4106 562 4177 supposes
578 4103 614 4159 de
627 4103 699 4159 saint
711 4103 823 4159 martial
834 4105 987 4178 paruissent
1004 4108 1080 4164 avoir
1091 4111 1136 4165 ete
1149 4110 1251 4169 substi-
1294 4124 1298 4136 ·

182 4192 248 4248 sus·
257 4208 311 4249 aux
320 4201 393 4249 actes
401 4192 547 4267 originum
559 4191 631 4250 alors
640 4192 757 4268 pertin,
768 4210 823 4267 peu
831 4193 960 4255 ennea
972 4207 1053 4257 avant
1062 4202 1131 4276 994,
1146 4202 1254 4278 epoque
