2894 4958
538 423 656 487 ursan
676 407 884 485 srcunnus.
1129 441 1131 445 Α
1191 424 1251 486 sur

184 559 258 631 tes,
273 557 308 616 et
325 544 363 614 in
377 541 498 615 medio
511 567 638 616 eorum
653 559 807 615 stantem
820 539 970 614 Paulum
985 537 1152 612 viderunt
1157 568 1169 628 ς
1188 540 1248 613 ad·

183 657 417 757 mirabilique
441 674 541 730 metu
567 658 878 754 pertimescentes,
906 655 1055 755 propius
1083 653 1250 729 accedere

184 777 332 849 reveriti
342 790 440 849 sunt.
453 775 729 875 DeniqueTitus
739 777 893 848 etLucas
905 776 942 847 in
953 773 1043 847 seab
1054 776 1162 847 exosi
1174 800 1252 849 ora·

185 893 298 965 tionis
306 893 436 966 reversi
447 907 530 965 sunt
537 917 599 980 ;ac
611 906 651 963 ut
661 891 851 991 praefectos
862 906 899 966 et
910 893 1173 980 centurionem,
1185 893 1249 992 qui

181 1008 341 1080 ministri
351 1007 555 1080 necisPauli
563 1005 1247 1107 fuerant,adseproperantesviderunt‚

184 1125 345 1199 humano
365 1127 496 1199 timore
513 1126 687 1224 surrepti,
707 1127 826 1199 statim
847 1128 884 1200 in
902 1125 1024 1225 fugam
1039 1126 1130 1199 versi
1150 1139 1249 1198 sunt.

183 1241 322 1317 Verum
335 1242 405 1315 illis
419 1243 478 1341 pie
489 1241 792 1342 supplicantibus,
812 1257 1009 1330 steterunt,
1025 1257 1060 1315 et
1074 1241 1181 1316 fidem
1194 1267 1253 1316 eo-

182 1360 471 1448 rumaudientes,
482 1385 564 1432 cum
574 1358 703 1459 gaudio
713 1360 890 1460 spirituali
901 1386 961 1434 cos
969 1359 1249 1459 baptizaverunt.

235 1478 278 1548 ln
305 1476 368 1550 illo
390 1493 572 1575 tempore,
592 1502 716 1576 magna
744 1476 944 1575 persecutio
963 1473 1250 1547 Christianorum

184 1581 368 1682 intonuit,
408 1610 444 1667 et
482 1595 598 1693 prima
635 1592 867 1693 sequentibus
902 1593 1074 1666 eximium
1108 1592 1255 1664 virtutis

181 1710 388 1810 exemplum
409 1737 450 1783 ac
469 1711 681 1783 constantiae
697 1709 866 1809 praebuit.
882 1711 924 1780 ln
945 1709 1071 1781 Tuscia
1091 1708 1249 1807 Torpes,

181 1852 335 1927 magnus
359 1829 397 1900 in
421 1826 545 1902 officio
569 1827 741 1915 Neronis,
764 1843 846 1924 post
867 1825 1022 1925 plurima
1050 1838 1251 1912 tormenta,

181 1942 381 2016 decollatus
406 1960 469 2016 est.
498 1946 625 2017 Romae
655 1946 843 2016 Processus
878 1958 916 2016 ct
947 1943 1183 2014 Martinianus
1215 1957 1253 2014 et

183 2084 273 2133 xavr
300 2060 386 2135 socii
414 2086 559 2150 corum,
587 2089 606 2133 a
633 2058 740 2135 heato
762 2062 870 2134 Petro
893 2059 1058 2158 apostolo
1081 2058 1251 2157 baptizati

182 2192 282 2249 suut.
317 2178 502 2277 Longinus
531 2204 696 2278 quoque,
726 2178 859 2278 aliique
885 2177 974 2264 duo,
1006 2203 1072 2276 per
1099 2177 1251 2249 Paulum

181 2296 347 2367 conversi
373 2310 476 2383 suut,
503 2311 540 2368 et
564 2322 582 2366 a
606 2296 692 2370 Tito
717 2321 758 2367 ac
782 2298 876 2368 Luca
899 2296 1051 2367 salutare
1069 2295 1249 2367 lavacrum

181 2427 438 2511 perceperunt.
453 2414 498 2485 Hi
516 2413 689 2485 nimirum
706 2413 873 2488 doctores
885 2439 967 2487 suos
984 2413 1054 2486 fide
1069 2430 1106 2487 ct
1120 2428 1254 2514 marty-

182 2528 243 2600 rio
257 2528 480 2626 pedetentim
498 2530 609 2602 secuti
625 2547 723 2602 sunt.
739 2528 936 2622 Mediolani
951 2530 1142 2622 Nazarius,
1158 2530 1255 2604 Ger·
1364 2554 1367 2559 ·

182 2644 321 2733 rusius,
339 2646 520 2719 Protasius
542 2664 579 2720 ct
601 2648 720 2720 Celsus
737 2674 827 2747 puer
843 2649 933 2747 passi
951 2664 1037 2720 sunt
1059 2649 1128 2747 (r).
1152 2647 1254 2723 Nero

184 2759 306 2861 itaque
334 2761 533 2835 innumeris
559 2762 781 2836 facinoribus
807 2761 1066 2839 theomachiam
1098 2764 1249 2862 adjecit,
1363 2858 1367 2864 .

184 2876 382 2977 odiumque
399 2880 452 2950 sui
476 2881 652 2952 exercitus
672 2881 872 2980 populique
890 2880 1027 2970 romani
1046 2880 1177 2954 merito
1196 2880 1252 2951 in-

184 2996 313 3068 currit.
334 2997 547 3069 Statuerunt
567 2999 665 3070 enim
684 3014 726 3070 ut
740 2996 883 3098 publice
905 2998 1079 3071 cathomis
1095 2999 1154 3096 (2)
1170 3013 1252 3069 tan-

219 3303 258 3374 (ι)
276 3302 331 3358 Sur
343 3303 415 3357 saint
427 3303 563 3375 Tarpete,
584 3302 647 3377 plus
661 3284 753 3358 connu
767 3322 802 3357 en
815 3303 919 3358 France
934 3320 997 3358 sous
1010 3302 1037 3359 le
1052 3320 1119 3358 nom
1132 3302 1167 3358 de
1181 3303 1253 3358 saint

187 3390 311 3464 Tropes,
326 3409 363 3446 ou
374 3410 410 3445 ne
423 3391 537 3464 possede
548 3411 602 3466 que
615 3391 654 3446 les
669 3403 742 3447 actes
754 3392 925 3465 apocryphes
942 3392 1045 3447 inse'res
1057 3391 1125 3446 daus
1136 3390 1175 3446 les
1188 3391 1251 3446 Bol-

186 3480 317 3537 hadistes
328 3501 362 3536 au
370 3482 437 3553 jour
450 3481 485 3537 de
498 3501 525 3537 sa
538 3482 593 3538 lete
606 3484 651 3558 (¹7
665 3484 742 3554 mai).
759 3484 809 3538 Les
822 3493 894 3538 actes
904 3482 939 3537 de
952 3484 1025 3537 saint
1036 3483 1165 3538 Processe
1177 3492 1206 3538 et
1218 3481 1252 3539 de

188 3574 257 3628 saint
277 3573 426 3627 Martiuien
446 3593 481 3628 ne
495 3575 625 3629 meritent
642 3593 689 3647 pas
706 3574 767 3647 plus
780 3574 815 3628 de
832 3574 984 3641 coufiance,
1002 3583 1031 3628 et
1047 3574 1108 3628 rien
1127 3572 1254 3627 n’atteste

187 3662 268 3735 qu’ils
286 3663 362 3717 aient
378 3665 423 3717 ete
440 3664 662 3736 contempus-ains
679 3663 714 3718 de
732 3664 803 3718 saint
819 3664 923 3719 Pierre.
945 3663 1024 3719 Saiut
1041 3664 1149 3736 Longin
1165 3672 1195 3718 et
1212 3680 1253 3716 ses

189 3750 260 3807 deux
272 3752 429 3807 camarades
445 3765 508 3808 sont
524 3755 592 3809 trois
601 3772 785 3827 personnages
798 3756 853 3809 tres
865 3773 919 3828 peu
935 3755 1139 3828 authentiques.
1153 3753 1250 3821 Eulin,

188 3840 251 3898 θα
265 3860 318 3916 par
330 3860 399 3915 pure
412 3844 572 3916 conjecture
582 3861 636 3917 que
647 3842 703 3899 l'ou
720 3863 735 3899 a
752 3843 828 3917 place
841 3861 903 3898 scus
914 3844 1008 3899 Neron
1021 3844 1059 3898 les
1071 3852 1206 3916 martyres
1217 3842 1253 3896 de

189 3929 258 3985 saint
270 3929 387 3986 Ger-vais
398 3941 427 3986 ct
438 3933 510 3986 saint
523 3932 642 4001 Protais,
658 3932 811 3988 aussi-bien
821 3948 876 4006 que
888 3931 922 3987 de
934 3934 1006 3987 saint
1019 3932 1133 3987 Nasaire
1143 3941 1172 3986 et
1181 3931 1255 3985 saint

218 4109 257 4177 (a)
275 4106 421 4175 Catomus,
436 4111 581 4165 cothurnus
593 4134 597 4164 :
610 4113 702 4185 virgea
712 4129 813 4183 genus,
816 4111 969 4184 flagellum
982 4130 1019 4166 ex
1027 4108 1249 4184 virgissactum.

191 4195 369 4253 lluc.'Gloss.
