2894 4958
507 469 623 532 hlBllll
644 469 801 532 PRIMUS.
1146 473 1183 535 31
1317 555 1321 561 ἡ

126 595 185 669 vel
200 593 379 667 Dominus
390 590 615 676 misticum,-
630 590 756 679 Maria,
771 613 937 662 ansarum
950 616 1072 677 more;
1085 590 1187 691 Mag-

126 710 252 784 dalenc
263 763 276 800 ,
300 709 481 783 teneruit.
501 703 863 804 Interpretationibus
886 706 1079 780 nominum
1100 732 1187 780 suo-

126 852 212 901 rum
226 824 412 901 evidenter
430 821 676 922 depromitur,
697 819 829 922 quihus
849 823 1097 924 praerogativis
1113 847 1188 896 me·

127 944 286 1017 sitorum
302 941 477 1015 ministra
494 937 640 1012 Domini
656 936 905 1037 decorantur(
930 940 960 1037 ).

175 1059 244 1135 Die
262 1057 356 1150 festo
375 1055 585 1131 ludaeorum
604 1056 705 1130 Jesus
726 1054 988 1155 Jeinsolymam
1008 1055 1187 1147 ascendit,
1256 1140 1260 1147 ¹

130 1175 388 1276 hominemque
403 1173 465 1274 qui
482 1198 548 1272 per
565 1195 712 1246 xxxvns
730 1197 844 1246 annos
856 1171 1042 1273 languerat
1052 1171 1189 1247 sanavit

129 1289 173 1364 ad
187 1289 412 1392 probaticam
426 1289 620 1389 piscinam,
637 1286 1190 1387 qtraecognomimtur'hebraice
1247 1360 1249 1366 ,

128 1406 333 1496 Bethsaida,
357 1404 420 1481 ubi
433 1404 639 1480 sacerdotes
660 1402 827 1478 lavabant
848 1430 971 1479 carnes
988 1405 1190 1505 pecudum,

129 1525 225 1600 uude
242 1525 346 1625 legali
366 1525 441 1597 ritu
458 1521 638 1597 faciebant
653 1521 729 1596 Deo
752 1522 933 1596 sacrificia.
952 1524 1090 1598 Piscina
1114 1521 1192 1597 hese

129 1641 292 1742 quinque
304 1641 465 1740 porticus
477 1636 650 1732 habebat,
665 1638 702 1710 in
713 1634 844 1738 quibus
854 1638 1052 1713 multitudo
1065 1665 1191 1738 magna

129 1754 378 1855 languentium
386 1751 538 1854 jacebat,
552 1777 744 1841 caecorum,
756 1752 978 1843 claudorum,
991 1753 1189 1842 aridorum,

130 1873 397 1972 expectantium
419 1898 522 1972 aqnae
546 1884 702 1945 motum.
730 1871 845 1946 Porro
874 1871 1019 1971 angelus
1044 1872 1192 1946 Domini

130 1985 366 2093 descendebat
386 1989 425 2061 in
446 1987 619 2087 piscimm
641 1970 912 2062 et'movebatur
928 2014 1039 2088 aqua;
1065 2005 1104 2064 et
1127 1989 1192 2090 qui

115 2106 232 2206 ,prins
245 2105 481 2181 descendisset
498 2106 536 2179 in
556 2103 731 2206 piscinam
746 2122 829 2204 post
848 2107 1050 2182 motionem
1064 2132 1189 2207 aque,

131 2247 236 2294 sanus
259 2220 368 2296 fiebat
387 2248 408 2295 a
424 2246 649 2323 quacumque
670 2218 860 2294 tenebatur
882 2219 1105 2297 infirmitate.
1128 2222 1194 2295 Ju-
1344 2297 1347 2300 ⁴

132 2334 242 2412 beuta
263 2336 429 2427 Christo,
454 2337 575 2411 statim
596 2362 701 2410 mnus
716 2335 831 2410 factus
847 2352 901 2411 est
916 2337 1047 2431 homo,
1066 2336 1194 2439 graha-

113 2474 285 2560 'tumque
306 2486 412 2533 suum
434 2458 577 2533 smtulit
600 2453 1095 2534 ahbamtlurmurautibus
1112 2459 1196 2535 inde
1228 2518 1230 2520 -

28 2602 31 2606 ·
132 2570 265 2651 Judaeis
287 2591 324 2649 et
339 2573 687 2675 blasphemantibus,
711 2573 833 2675 sophia
850 2577 963 2650 Patris
985 2576 1193 2677 respondit,

132 2718 260 2767 eroum
271 2693 481 2786 divinitatis
505 2720 603 2784 suae,
622 2708 665 2767 ut
681 2691 869 2794 theologus
889 2696 1045 2769 loannes
1060 2692 1195 2784 refert,

132 2797 384 2916 multipliciter
412 2815 677 2905 manifestavit,
709 2830 747 2889 et
769 2815 927 2891 lucernae
961 2842 1035 2889 suoe
1063 2816 1194 2893 Joanui

133 2932 323 3034 Mbysique
341 2933 482 3036 insigne
500 2933 749 3008 testimonium
764 2932 981 3033 perhibuit(
1006 2933 1037 3034 ).

182 3051 228 3125 ln
255 3049 324 3127 illo'
346 3065 510 3150 tempore
542 3050 700 3124 Herodes
732 3048 911 3124 tetrarcha
945 3049 1077 3124 famam
1112 3053 1195 3125 lesu

134 3167 293 3258 audivit,
312 3169 503 3269 puerisque
519 3169 590 3241 suis
610 3168 703 3241 dixit
725 3196 735 3239 r
758 3170 832 3243 Hie
847 3185 900 3242 est
915 3168 1078 3244 Ioannes
1096 3175 1193 3271 Bup-
1250 3163 1253 3167 ’

135 3286 245 3372 utrm·
257 3287 336 3386 ipse
347 3288 505 3373 surrenti
519 3313 544 3358 a
556 3288 726 3376 nwrtuis,
742 3285 826 3359 ideo
840 3287 988 3359 vinulos
1000 3302 1197 3386 operantur

137 3400 176 3470 in
192 3402 256 3472 eo!
272 3398 430 3474 llerodes
443 3400 542 3473 enim
557 3402 734 3475 loannem
752 3401 888 3488 tenuit,
904 3424 1058 3497 eumque
1073 3399 1197 3500 alliga-

136 3515 190 3587 vit
201 3516 285 3587 etin
294 3542 434 3590 carcere
444 3517 578 3615 posuit,
591 3534 741 3618 propter
753 3513 1106 3617 Herodiademquam
1117 3514 1198 3589 Phi·

137 3631 239 3731 lippo
248 3631 426 3706 fiatrisuo
440 3633 584 3721 tulerat,
595 3631 749 3734 sibique,
765 3632 1032 3707 contradicente
1043 3634 1195 3721 Joanne,

170 3970 210 4041 (r)
227 3969 327 4024 Matth.
338 3988 424 4038 mnu,
437 3969 487 4038 55;
501 3971 586 4027 hiare.
602 3989 642 4040 xv,
654 3974 697 4040 lo,
709 3974 758 4040 413
771 3972 837 4026 Luc.
849 3988 909 4040 vus,
924 3967 979 4026 1-5.
990 3969 1067 4025 Nous
1079 3986 1197 4043 pentorn
1295 4036 1299 4042 Ι

137 4068 384 4131 quenoueauteur
391 4058 441 4114 tait
449 4058 579 4129 allusion,
592 4059 661 4115 dans
669 4079 701 4116 ce
711 4061 896 4134 paragraphe,
907 4077 944 4115 au
954 4060 1079 4134 chapitrc
1088 4077 1123 4128 u,
1132 4078 1158 4113 v.
1168 4058 1196 4126 5,

137 4144 209 4202 dela
222 4149 360 4222 premiere
372 4150 462 4223 optare
472 4169 526 4208 aux
538 4140 726 4208 Corinthiens.

171 4238 212 4308 (a)
228 4239 328 4295 Joann.
341 4257 371 4308 ν,
389 4243 463 4315 1-47.
