2894 4958
529 397 648 463 LIBER
667 397 877 461 SECUNDUS.
1177 399 1238 461 Μ

172 518 250 594 Ιιιιιι
273 515 518 593 ludificabant.
546 518 718 592 Homines
741 517 866 591 tandiu
894 514 1096 593 immobiles
1119 529 1236 607 stare,

171 635 336 738 quandiu
358 633 425 734 ipsi
447 632 661 724 voluissent,
686 632 878 708 faciebant.
907 633 1012 711 Viam
1033 636 1179 736 quoque
1200 650 1238 708 et

172 752 315 827 auditus
333 749 523 826 homiuum
544 776 564 822 a
586 775 652 824 suo
672 751 789 825 officio
809 748 1061 827 refrenabant.
1079 751 1237 852 Serpen-

172 866 272 942 tibus
292 883 336 940 ut
354 880 586 966 percuterent
608 866 853 966 imperabant,
878 867 945 968 ipsi
965 871 1088 940 rursns'
1111 867 1238 940 incau-

173 984 286 1068 taudo
311 982 497 1057 curabant.
525 984 594 1059 Per
619 997 733 1059 totam
758 1009 845 1084 ergo
865 983 1088 1084 AEthiopiam
1112 984 1239 1085 opinio

172 1128 302 1179 eorum
329 1099 423 1190 ibat,
449 1115 553 1174 etex
579 1099 787 1202 longinquis
813 1098 1021 1201 regionibus
1042 1097 1239 1199 AEthiopiae

171 1219 328 1319 populos
342 1214 589 1318 pertrahebat,
609 1230 651 1289 ut
668 1215 714 1291 ad
730 1242 852 1316 magos
868 1215 1098 1307 festinarent,
1113 1215 1239 1315 decep-

174 1336 276 1437 tique
291 1334 498 1435 deceptores
513 1332 717 1409 adorarent.
737 1333 902 1434 Malignis
922 1334 1059 1435 itaque,
1076 1347 1119 1406 ut
1130 1330 1240 1432 vulgo

172 1452 245 1527 dici
261 1452 372 1544 solet,
397 1455 513 1551 major
536 1452 737 1526 reverentia
751 1448 942 1527 exhibetur
954 1451 1113 1542 timoris,
1132 1476 1241 1553 quam

173 1567 341 1670 benignis
358 1569 503 1644 amoris.

224 1687 389 1761 Clemens
406 1685 518 1786 igitur
531 1685 728 1774 Dominus,
747 1702 869 1757 curam
882 1682 1076 1760 hominum
1094 1710 1240 1786 gerens,

173 1801 385 1879 Matthaeum
412 1799 616 1901 apostolum
642 1800 759 1890 misit,
788 1827 853 1900 per
878 1826 987 1902 quem
1011 1798 1242 1900 AEthiopibus

174 1918 311 2019 duplici
328 1916 514 2020 nigredine
527 1916 650 1990 tinctis
663 1916 843 1992 subvenit.
859 1919 966 1991 llunc
977 1916 1124 2019 quando
1135 1915 1241 1991 vidis·

174 2052 229 2113 set
246 2034 416 2136 AEthiops
432 2031 617 2108 eunuchus
639 2034 789 2109 nomine
802 2033 973 2109 Candacis
987 2035 1059 2134 (1),
1079 2033 1144 2135 qui
1159 2031 1243 2108 sue-

173 2168 266 2229 ruta
285 2151 453 2253 Philippo
474 2151 723 2253 apostolorum
740 2151 894 2228 diacono
914 2150 1134 2252 baptisatus,
1153 2178 1242 2252 gau-

173 2268 263 2345 deus
275 2268 320 2342 ad
329 2267 435 2369 pedes
447 2271 521 2368 ejus
533 2267 711 2368 procidit,
725 2283 763 2341 et
774 2267 926 2343 adorans
939 2280 1023 2345 eu'm
1037 2269 1077 2342 in
1091 2267 1241 2342 domum

172 2373 275 2462 suam
290 2385 457 2486 suscepit.
471 2385 604 2458 Omnes
617 2385 722 2459 amici
733 2383 904 2459 Caudacis
917 2384 1074 2461 eunuchi
1093 2383 1140 2459 ad
1157 2410 1242 2459 eum

172 2503 388 2592 veniebant,
405 2518 442 2577 et
455 2503 541 2577 vitas
557 2501 709 2578 verbum
725 2503 908 2579 audientes
920 2503 1064 2578 Christo
1076 2504 1161 2578 Jesu'
1171 2506 1243 2577 Do·

173 2621 278 2697 mino
299 2619 510 2711 credebant,
540 2637 577 2695 et
602 2621 749 2721 plurimi
770 2619 1061 2720 baptizabantur,
1082 2619 1243 2696 videntes

173 2739 277 2841 quod
301 2741 423 2814 omnia
450 2738 560 2829 mala,
591 2764 674 2840 quae
698 2740 793 2840 magi
817 2737 1025 2813 hominibus
1040 2737 1241 2826 faciebant,

174 2855 357 2955 apostolus
378 2854 442 2929 Dei
471 2870 669 2929 evacuaret.
696 2853 753 2928 Illi
779 2854 878 2929 enim
903 2851 984 2928 ideo
1005 2851 1244 2927 vulnerabant

174 2996 270 3073 quos
292 2987 479 3071 poterant,
507 2987 549 3045 ut
569 2971 749 3046 vulnerati
775 2971 869 3068 ipsos
892 2985 1076 3070 rogarent.
1099 2968 1242 3069 Quique

175 3087 259 3165 ideo
270 3114 395 3163 curare
407 3087 642 3189 putabantur,
658 3087 866 3189 quoniame
883 3087 1030 3163 laesiouc
1042 3084 1239 3161 cessabant.

174 3202 368 3279 Matthaeus
397 3220 516 3278 autem
544 3203 727 3304 apostolus
752 3202 907 3295 Christi,
920 3217 1008 3278 'non
1033 3201 1152 3276 solum
1177 3200 1243 3277 hos

175 3321 325 3399 cusabat
343 3350 434 3424 quos
453 3322 505 3396 illi
526 3321 725 3413 laedebant,
747 3323 809 3398 sed
829 3324 937 3397 etiam
956 3347 1101 3412 omnes,
1118 3321 1181 3422 qui
1198 3320 1244 3393 ad

175 3466 260 3517 eum
277 3439 520 3517 afferebantur
542 3439 813 3515 infirmitatibus
834 3441 981 3516 diversis
1005 3437 1158 3530 obsessi,
1185 3464 1243 3511 sa-

175 3553 301 3633 nabat.
320 3554 521 3632 Veritatem
538 3580 625 3629 vero
642 3555 706 3629 Dei
724 3555 861 3655 populo
878 3553 1125 3653 praedicabat,
1136 3553 1184 3627 ita
1201 3568 1243 3626 ut

176 3696 303 3746 omues
324 3669 368 3744 de
391 3670 594 3772 eloquentia
615 3672 689 3770 ejus
707 3670 943 3758 mirarentur,
955 3667 1068 3771 quod
1087 3694 1243 3770 graecam

1098 3866 1232 3878 *1

210 3987 250 4057 (ι)
268 3984 395 4042 Caudaoe
404 3985 474 4041 n’est
484 4003 532 4058 pas
545 3984 571 4040 le
579 4002 645 4040 nom
654 3984 690 4040 de
698 3983 847 4059 l'eunuque
856 3983 962 4058 baptist
971 3983 1102 4058 parmint
1113 3980 1243 4054 Philipps
1292 3940 1305 3963 ·

176 4072 283 4143 diacre,
296 4075 366 4129 mais
378 4073 449 4129 celui
462 4072 531 4128 dela
541 4074 618 4130 reine
627 4092 663 4128 au
673 4072 775 4129 service
786 4071 822 4129 de
830 4071 947 4147 laquelle
955 4071 976 4127 il
985 4072 1052 4128 etait
1063 4071 1140 4143 (Aet.
1151 4078 1240 4141 apost.

177 4182 236 4233 vni,
252 4166 308 4240 η),
322 4165 409 4240 etqui
423 4165 511 4240 parsit
521 4166 596 4221 aruir
606 4167 651 4222 ete
658 4180 789 4222 commun
801 4151 961 4237 aplusieurt
973 4163 1063 4221 reines
1072 4148 1241 4233 d'Ethiopie.
