<?xml version="1.0" encoding="UTF-8"?>
<!DOCTYPE html PUBLIC "-//W3C//DTD XHTML 1.0 Transitional//EN"
    "http://www.w3.org/TR/xhtml1/DTD/xhtml1-transitional.dtd">
<html xmlns="http://www.w3.org/1999/xhtml" xml:lang="en" lang="en">
 <head>
  <title>
</title>
<meta http-equiv="Content-Type" content="text/html;charset=utf-8" />
  <meta name='ocr-system' content='tesseract 3.04.00' />
  <meta name='ocr-capabilities' content='ocr_page ocr_carea ocr_par ocr_line ocrx_word'/>
</head>
<body>
  <div class='ocr_page' id='page_1' title='image "./ordericivitalis02deligoog/ordericivitalis02deligoog_0157.png"; bbox 0 0 2894 4958; ppageno 0'>
   <div class='ocr_carea' id='block_1_1' title="bbox 576 110 1262 174">
    <p class='ocr_par' dir='ltr' id='par_1_1' title="bbox 576 110 1262 174">
     <span class='ocr_line' id='line_1_1' title="bbox 576 110 1262 174; baseline 0.001 -2"><span class='ocrx_word' id='word_1_1' title='bbox 576 110 695 174; x_wconf 80' lang='lat' dir='ltr'>LIBER</span> <span class='ocrx_word' id='word_1_2' title='bbox 716 110 875 173; x_wconf 80' lang='lat' dir='ltr'>PRIMUS.</span> <span class='ocrx_word' id='word_1_3' title='bbox 1203 111 1262 174; x_wconf 78' lang='lat' dir='ltr'><strong>tts</strong></span> 
     </span>
    </p>
   </div>
   <div class='ocr_carea' id='block_1_2' title="bbox 182 229 1274 2884">
    <p class='ocr_par' dir='ltr' id='par_1_2' title="bbox 182 229 1267 799">
     <span class='ocr_line' id='line_1_2' title="bbox 185 229 1265 338; baseline 0 -30"><span class='ocrx_word' id='word_1_4' title='bbox 185 232 350 338; x_wconf 86' lang='lat' dir='ltr'>synodus</span> <span class='ocrx_word' id='word_1_5' title='bbox 386 231 597 307; x_wconf 81' lang='lat' dir='ltr'><strong>universalis</strong></span> <span class='ocrx_word' id='word_1_6' title='bbox 634 230 955 332; x_wconf 78' lang='lat' dir='ltr'><strong>Constantinopoli</strong></span> <span class='ocrx_word' id='word_1_7' title='bbox 992 229 1186 323; x_wconf 86' lang='lat' dir='ltr'><strong>celebrata,</strong></span> <span class='ocrx_word' id='word_1_8' title='bbox 1228 249 1265 308; x_wconf 92' lang='lat' dir='ltr'><strong>et</strong></span> 
     </span>
     <span class='ocr_line' id='line_1_3' title="bbox 182 346 1267 451; baseline 0 -27"><span class='ocrx_word' id='word_1_9' title='bbox 182 374 312 451; x_wconf 71' lang='lat' dir='ltr'><strong>graeco</strong></span> <span class='ocrx_word' id='word_1_10' title='bbox 338 373 506 424; x_wconf 77' lang='lat' dir='ltr'><strong>sermone</strong></span> <span class='ocrx_word' id='word_1_11' title='bbox 533 349 758 447; x_wconf 90' lang='lat' dir='ltr'><strong>conscripta,</strong></span> <span class='ocrx_word' id='word_1_12' title='bbox 792 346 1018 447; x_wconf 79' lang='lat' dir='ltr'><strong>temporibus</strong></span> <span class='ocrx_word' id='word_1_13' title='bbox 1044 374 1147 449; x_wconf 69' lang='lat' dir='ltr'><strong>papas</strong></span> <span class='ocrx_word' id='word_1_14' title='bbox 1177 348 1267 451; x_wconf 78' lang='lat' dir='ltr'><strong>Aga-</strong></span> 
     </span>
     <span class='ocr_line' id='line_1_4' title="bbox 185 462 1265 565; baseline 0 -26"><span class='ocrx_word' id='word_1_15' title='bbox 185 465 336 553; x_wconf 87' lang='lat' dir='ltr'><strong>thonis,</strong></span> <span class='ocrx_word' id='word_1_16' title='bbox 351 480 549 565; x_wconf 78' lang='lat' dir='ltr'><strong>exequente</strong></span> <span class='ocrx_word' id='word_1_17' title='bbox 565 488 606 535; x_wconf 88' lang='lat' dir='ltr'><strong>ac</strong></span> <span class='ocrx_word' id='word_1_18' title='bbox 622 462 802 537; x_wconf 80' lang='lat' dir='ltr'><strong>residente</strong></span> <span class='ocrx_word' id='word_1_19' title='bbox 817 464 978 562; x_wconf 87' lang='lat' dir='ltr'><strong>piissimo</strong></span> <span class='ocrx_word' id='word_1_20' title='bbox 991 463 1157 564; x_wconf 85' lang='lat' dir='ltr'><strong>principe</strong></span> <span class='ocrx_word' id='word_1_21' title='bbox 1173 465 1265 539; x_wconf 90' lang='lat' dir='ltr'><strong>Con·</strong></span> 
     </span>
     <span class='ocr_line' id='line_1_5' title="bbox 182 580 1266 682; baseline -0.003 -25"><span class='ocrx_word' id='word_1_22' title='bbox 182 583 352 657; x_wconf 86' lang='lat' dir='ltr'><strong>stantino</strong></span> <span class='ocrx_word' id='word_1_23' title='bbox 371 583 467 655; x_wconf 92' lang='lat' dir='ltr'><strong>intra</strong></span> <span class='ocrx_word' id='word_1_24' title='bbox 485 581 657 681; x_wconf 89' lang='lat' dir='ltr'><strong>palatium</strong></span> <span class='ocrx_word' id='word_1_25' title='bbox 678 606 805 670; x_wconf 87' lang='lat' dir='ltr'><strong>suum,</strong></span> <span class='ocrx_word' id='word_1_26' title='bbox 830 580 1008 681; x_wconf 89' lang='lat' dir='ltr'><strong>simulque</strong></span> <span class='ocrx_word' id='word_1_27' title='bbox 1030 580 1152 682; x_wconf 77' lang='lat' dir='ltr'><strong>legatis</strong></span> <span class='ocrx_word' id='word_1_28' title='bbox 1175 608 1266 682; x_wconf 90' lang='lat' dir='ltr'><strong>apo-</strong></span> 
     </span>
     <span class='ocr_line' id='line_1_6' title="bbox 183 695 1035 799; baseline -0.007 -26"><span class='ocrx_word' id='word_1_29' title='bbox 183 701 331 775; x_wconf 86' lang='lat' dir='ltr'><strong>stolicae</strong></span> <span class='ocrx_word' id='word_1_30' title='bbox 347 699 457 791; x_wconf 84' lang='lat' dir='ltr'><strong>sedis,</strong></span> <span class='ocrx_word' id='word_1_31' title='bbox 478 716 514 772; x_wconf 87' lang='lat' dir='ltr'><strong>et</strong></span> <span class='ocrx_word' id='word_1_32' title='bbox 530 698 705 799; x_wconf 86' lang='lat' dir='ltr'><strong>episcopis</strong></span> <span class='ocrx_word' id='word_1_33' title='bbox 722 722 764 773; x_wconf 77' lang='lat' dir='ltr'><strong>cu</strong></span> <span class='ocrx_word' id='word_1_34' title='bbox 782 695 1035 771; x_wconf 86' lang='lat' dir='ltr'><strong>residentibus.</strong></span> 
     </span>
    </p>

    <p class='ocr_par' dir='ltr' id='par_1_3' title="bbox 182 814 1267 1268">
     <span class='ocr_line' id='line_1_7' title="bbox 239 814 1264 919; baseline 0 -28"><span class='ocrx_word' id='word_1_35' title='bbox 239 818 362 891; x_wconf 85' lang='lat' dir='ltr'><strong>Prima</strong></span> <span class='ocrx_word' id='word_1_36' title='bbox 373 817 471 892; x_wconf 88' lang='lat' dir='ltr'><strong>enim</strong></span> <span class='ocrx_word' id='word_1_37' title='bbox 483 815 694 890; x_wconf 87' lang='lat' dir='ltr'><strong>universalis</strong></span> <span class='ocrx_word' id='word_1_38' title='bbox 704 814 863 917; x_wconf 90' lang='lat' dir='ltr'><strong>synodus</strong></span> <span class='ocrx_word' id='word_1_39' title='bbox 874 816 911 888; x_wconf 94' lang='lat' dir='ltr'><strong>in</strong></span> <span class='ocrx_word' id='word_1_40' title='bbox 921 816 1040 891; x_wconf 84' lang='lat' dir='ltr'><strong>Nicaea</strong></span> <span class='ocrx_word' id='word_1_41' title='bbox 1052 832 1264 919; x_wconf 76' lang='lat' dir='ltr'><strong>congregata</strong></span> 
     </span>
     <span class='ocr_line' id='line_1_8' title="bbox 182 929 1267 1036; baseline -0.004 -27"><span class='ocrx_word' id='word_1_42' title='bbox 182 949 245 1009; x_wconf 82' lang='lat' dir='ltr'><strong>est</strong></span> <span class='ocrx_word' id='word_1_43' title='bbox 267 949 394 1007; x_wconf 86' lang='lat' dir='ltr'><strong>contra</strong></span> <span class='ocrx_word' id='word_1_44' title='bbox 411 929 579 1022; x_wconf 80' lang='lat' dir='ltr'><strong>Arrium,</strong></span> <span class='ocrx_word' id='word_1_45' title='bbox 603 948 850 1006; x_wconf 88' lang='lat' dir='ltr'><strong>trecentorum</strong></span> <span class='ocrx_word' id='word_1_46' title='bbox 871 930 995 1005; x_wconf 86' lang='lat' dir='ltr'><strong>decem</strong></span> <span class='ocrx_word' id='word_1_47' title='bbox 1024 947 1061 1005; x_wconf 92' lang='lat' dir='ltr'><strong>et</strong></span> <span class='ocrx_word' id='word_1_48' title='bbox 1090 947 1174 1006; x_wconf 89' lang='lat' dir='ltr'><strong>octo</strong></span> <span class='ocrx_word' id='word_1_49' title='bbox 1204 961 1267 1036; x_wconf 90' lang='lat' dir='ltr'><strong>pa-</strong></span> 
     </span>
     <span class='ocr_line' id='line_1_9' title="bbox 187 1048 1267 1151; baseline 0.001 -27"><span class='ocrx_word' id='word_1_50' title='bbox 187 1068 316 1141; x_wconf 89' lang='lat' dir='ltr'><strong>trum,</strong></span> <span class='ocrx_word' id='word_1_51' title='bbox 338 1048 563 1151; x_wconf 88' lang='lat' dir='ltr'><strong>temporibus</strong></span> <span class='ocrx_word' id='word_1_52' title='bbox 578 1050 665 1123; x_wconf 91' lang='lat' dir='ltr'><strong>Julii</strong></span> <span class='ocrx_word' id='word_1_53' title='bbox 682 1076 803 1150; x_wconf 87' lang='lat' dir='ltr'><strong>papae,</strong></span> <span class='ocrx_word' id='word_1_54' title='bbox 825 1048 892 1123; x_wconf 89' lang='lat' dir='ltr'><strong>sub</strong></span> <span class='ocrx_word' id='word_1_55' title='bbox 907 1050 1150 1125; x_wconf 85' lang='lat' dir='ltr'><strong>Constantino</strong></span> <span class='ocrx_word' id='word_1_56' title='bbox 1166 1053 1267 1151; x_wconf 89' lang='lat' dir='ltr'><strong>prin·</strong></span> 
     </span>
     <span class='ocr_line' id='line_1_10' title="bbox 185 1169 287 1268; baseline -0.01 -27"><span class='ocrx_word' id='word_1_57' title='bbox 185 1169 287 1268; x_wconf 87' lang='lat' dir='ltr'><strong>cipe.</strong></span> 
     </span>
    </p>

    <p class='ocr_par' dir='ltr' id='par_1_4' title="bbox 187 1283 1268 1737">
     <span class='ocr_line' id='line_1_11' title="bbox 241 1283 1264 1386; baseline -0.001 -26"><span class='ocrx_word' id='word_1_58' title='bbox 241 1283 406 1359; x_wconf 88' lang='lat' dir='ltr'><strong>Secunda</strong></span> <span class='ocrx_word' id='word_1_59' title='bbox 424 1284 462 1356; x_wconf 92' lang='lat' dir='ltr'><strong>in</strong></span> <span class='ocrx_word' id='word_1_60' title='bbox 480 1283 817 1382; x_wconf 78' lang='lat' dir='ltr'><strong>Constantinopoli,</strong></span> <span class='ocrx_word' id='word_1_61' title='bbox 837 1297 986 1356; x_wconf 90' lang='lat' dir='ltr'><strong>centum</strong></span> <span class='ocrx_word' id='word_1_62' title='bbox 1000 1284 1264 1386; x_wconf 84' lang='lat' dir='ltr'><strong>quinquaginta</strong></span> 
     </span>
     <span class='ocr_line' id='line_1_12' title="bbox 188 1401 1268 1504; baseline 0 -28"><span class='ocrx_word' id='word_1_63' title='bbox 188 1418 360 1504; x_wconf 87' lang='lat' dir='ltr'><strong>patrum,</strong></span> <span class='ocrx_word' id='word_1_64' title='bbox 388 1419 513 1475; x_wconf 89' lang='lat' dir='ltr'><strong>contra</strong></span> <span class='ocrx_word' id='word_1_65' title='bbox 541 1402 794 1475; x_wconf 90' lang='lat' dir='ltr'><strong>Macedonium</strong></span> <span class='ocrx_word' id='word_1_66' title='bbox 818 1419 854 1476; x_wconf 89' lang='lat' dir='ltr'><strong>et</strong></span> <span class='ocrx_word' id='word_1_67' title='bbox 876 1401 1106 1493; x_wconf 84' lang='lat' dir='ltr'><strong>Eudoxium,</strong></span> <span class='ocrx_word' id='word_1_68' title='bbox 1128 1418 1268 1504; x_wconf 85' lang='lat' dir='ltr'><strong>tempo·</strong></span> 
     </span>
     <span class='ocr_line' id='line_1_13' title="bbox 187 1518 1268 1620; baseline 0.003 -28"><span class='ocrx_word' id='word_1_69' title='bbox 187 1518 296 1592; x_wconf 86' lang='lat' dir='ltr'><strong>ribus</strong></span> <span class='ocrx_word' id='word_1_70' title='bbox 312 1519 452 1592; x_wconf 80' lang='lat' dir='ltr'><strong>Damasi</strong></span> <span class='ocrx_word' id='word_1_71' title='bbox 469 1546 571 1619; x_wconf 88' lang='lat' dir='ltr'><strong>papae</strong></span> <span class='ocrx_word' id='word_1_72' title='bbox 586 1533 623 1592; x_wconf 90' lang='lat' dir='ltr'><strong>et</strong></span> <span class='ocrx_word' id='word_1_73' title='bbox 636 1518 800 1592; x_wconf 90' lang='lat' dir='ltr'><strong>Gratiani</strong></span> <span class='ocrx_word' id='word_1_74' title='bbox 813 1519 1003 1619; x_wconf 87' lang='lat' dir='ltr'><strong>principis,</strong></span> <span class='ocrx_word' id='word_1_75' title='bbox 1018 1520 1165 1620; x_wconf 91' lang='lat' dir='ltr'><strong>quando</strong></span> <span class='ocrx_word' id='word_1_76' title='bbox 1178 1521 1268 1595; x_wconf 89' lang='lat' dir='ltr'><strong>Nec·</strong></span> 
     </span>
     <span class='ocr_line' id='line_1_14' title="bbox 191 1633 1027 1737; baseline -0.001 -28"><span class='ocrx_word' id='word_1_77' title='bbox 191 1637 308 1709; x_wconf 89' lang='lat' dir='ltr'><strong>tarius</strong></span> <span class='ocrx_word' id='word_1_78' title='bbox 320 1636 435 1709; x_wconf 87' lang='lat' dir='ltr'><strong>eidem</strong></span> <span class='ocrx_word' id='word_1_79' title='bbox 452 1633 534 1707; x_wconf 89' lang='lat' dir='ltr'><strong>urbi</strong></span> <span class='ocrx_word' id='word_1_80' title='bbox 552 1652 604 1708; x_wconf 89' lang='lat' dir='ltr'><strong>est</strong></span> <span class='ocrx_word' id='word_1_81' title='bbox 621 1635 808 1708; x_wconf 88' lang='lat' dir='ltr'><strong>ordinatus</strong></span> <span class='ocrx_word' id='word_1_82' title='bbox 827 1637 1027 1737; x_wconf 89' lang='lat' dir='ltr'><strong>episcopus.</strong></span> 
     </span>
    </p>

    <p class='ocr_par' dir='ltr' id='par_1_5' title="bbox 190 1751 1269 2088">
     <span class='ocr_line' id='line_1_15' title="bbox 242 1751 1268 1854; baseline 0 -27"><span class='ocrx_word' id='word_1_83' title='bbox 242 1754 369 1827; x_wconf 86' lang='lat' dir='ltr'><strong>Tertia</strong></span> <span class='ocrx_word' id='word_1_84' title='bbox 398 1755 436 1826; x_wconf 93' lang='lat' dir='ltr'><strong>in</strong></span> <span class='ocrx_word' id='word_1_85' title='bbox 462 1751 628 1853; x_wconf 89' lang='lat' dir='ltr'><strong>Epheso,</strong></span> <span class='ocrx_word' id='word_1_86' title='bbox 660 1752 902 1827; x_wconf 86' lang='lat' dir='ltr'><strong>ducentorum</strong></span> <span class='ocrx_word' id='word_1_87' title='bbox 938 1768 1107 1854; x_wconf 87' lang='lat' dir='ltr'><strong>patrum,</strong></span> <span class='ocrx_word' id='word_1_88' title='bbox 1140 1768 1268 1828; x_wconf 90' lang='lat' dir='ltr'><strong>contra</strong></span> 
     </span>
     <span class='ocr_line' id='line_1_16' title="bbox 191 1868 1269 1972; baseline 0.005 -27"><span class='ocrx_word' id='word_1_89' title='bbox 191 1871 406 1946; x_wconf 81' lang='lat' dir='ltr'><strong>Nestorium</strong></span> <span class='ocrx_word' id='word_1_90' title='bbox 422 1887 582 1971; x_wconf 74' lang='lat' dir='ltr'><strong>augusta·</strong></span> <span class='ocrx_word' id='word_1_91' title='bbox 601 1868 702 1944; x_wconf 91' lang='lat' dir='ltr'><strong>urhis</strong></span> <span class='ocrx_word' id='word_1_92' title='bbox 725 1872 958 1972; x_wconf 89' lang='lat' dir='ltr'><strong>episcopum,</strong></span> <span class='ocrx_word' id='word_1_93' title='bbox 976 1870 1044 1945; x_wconf 88' lang='lat' dir='ltr'><strong>sub</strong></span> <span class='ocrx_word' id='word_1_94' title='bbox 1062 1871 1269 1950; x_wconf 82' lang='lat' dir='ltr'><strong>Theodosio</strong></span> 
     </span>
     <span class='ocr_line' id='line_1_17' title="bbox 190 1987 1259 2088; baseline -0.002 -27"><span class='ocrx_word' id='word_1_95' title='bbox 190 2013 328 2087; x_wconf 84' lang='lat' dir='ltr'><strong>magno</strong></span> <span class='ocrx_word' id='word_1_96' title='bbox 346 1987 511 2087; x_wconf 83' lang='lat' dir='ltr'><strong>principe</strong></span> <span class='ocrx_word' id='word_1_97' title='bbox 530 2002 567 2060; x_wconf 89' lang='lat' dir='ltr'><strong>et</strong></span> <span class='ocrx_word' id='word_1_98' title='bbox 580 1987 761 2062; x_wconf 89' lang='lat' dir='ltr'><strong>Celestino</strong></span> <span class='ocrx_word' id='word_1_99' title='bbox 778 2014 879 2088; x_wconf 90' lang='lat' dir='ltr'><strong>papa.</strong></span> <span class='ocrx_word' id='word_1_100' title='bbox 1256 2000 1259 2007; x_wconf 84' lang='lat'>&#39;</span> 
     </span>
    </p>

    <p class='ocr_par' dir='ltr' id='par_1_6' title="bbox 190 2105 1270 2528">
     <span class='ocr_line' id='line_1_18' title="bbox 244 2105 1270 2206; baseline 0.004 -30"><span class='ocrx_word' id='word_1_101' title='bbox 244 2105 383 2198; x_wconf 85' lang='lat' dir='ltr'><strong>Quarta</strong></span> <span class='ocrx_word' id='word_1_102' title='bbox 411 2107 449 2177; x_wconf 92' lang='lat' dir='ltr'><strong>in</strong></span> <span class='ocrx_word' id='word_1_103' title='bbox 473 2105 720 2195; x_wconf 85' lang='lat' dir='ltr'><strong>Chalcedone,</strong></span> <span class='ocrx_word' id='word_1_104' title='bbox 746 2121 891 2206; x_wconf 87' lang='lat' dir='ltr'><strong>patrum</strong></span> <span class='ocrx_word' id='word_1_105' title='bbox 918 2122 1170 2181; x_wconf 82' lang='lat' dir='ltr'><strong>sexcentorum</strong></span> <span class='ocrx_word' id='word_1_106' title='bbox 1198 2106 1270 2180; x_wconf 89' lang='lat' dir='ltr'><strong>tri-</strong></span> 
     </span>
     <span class='ocr_line' id='line_1_19' title="bbox 190 2220 1268 2325; baseline 0.001 -31"><span class='ocrx_word' id='word_1_107' title='bbox 190 2222 312 2322; x_wconf 80' lang='lat' dir='ltr'><strong>ginta,</strong></span> <span class='ocrx_word' id='word_1_108' title='bbox 327 2220 395 2293; x_wconf 89' lang='lat' dir='ltr'><strong>sub</strong></span> <span class='ocrx_word' id='word_1_109' title='bbox 403 2223 524 2315; x_wconf 80' lang='lat' dir='ltr'><strong>Leone</strong></span> <span class='ocrx_word' id='word_1_110' title='bbox 537 2248 641 2321; x_wconf 87' lang='lat' dir='ltr'><strong>papa,</strong></span> <span class='ocrx_word' id='word_1_111' title='bbox 658 2221 883 2321; x_wconf 88' lang='lat' dir='ltr'><strong>temporibus</strong></span> <span class='ocrx_word' id='word_1_112' title='bbox 891 2223 1064 2296; x_wconf 85' lang='lat' dir='ltr'><strong>Marciani</strong></span> <span class='ocrx_word' id='word_1_113' title='bbox 1077 2222 1268 2325; x_wconf 80' lang='lat' dir='ltr'><strong>principis,</strong></span> 
     </span>
     <span class='ocr_line' id='line_1_20' title="bbox 191 2337 1270 2439; baseline 0.005 -30"><span class='ocrx_word' id='word_1_114' title='bbox 191 2352 327 2410; x_wconf 87' lang='lat' dir='ltr'><strong>contra</strong></span> <span class='ocrx_word' id='word_1_115' title='bbox 357 2337 565 2437; x_wconf 87' lang='lat' dir='ltr'><strong>Eutychem</strong></span> <span class='ocrx_word' id='word_1_116' title='bbox 596 2337 938 2414; x_wconf 84' lang='lat' dir='ltr'><strong>nefandissimorum</strong></span> <span class='ocrx_word' id='word_1_117' title='bbox 964 2339 1156 2439; x_wconf 85' lang='lat' dir='ltr'><strong>praesulem</strong></span> <span class='ocrx_word' id='word_1_118' title='bbox 1190 2364 1270 2414; x_wconf 89' lang='lat' dir='ltr'><strong>mo·</strong></span> 
     </span>
     <span class='ocr_line' id='line_1_21' title="bbox 192 2451 414 2528; baseline 0 -1"><span class='ocrx_word' id='word_1_119' title='bbox 192 2451 414 2528; x_wconf 80' lang='lat' dir='ltr'><strong>nechoram.</strong></span> 
     </span>
    </p>

    <p class='ocr_par' dir='ltr' id='par_1_7' title="bbox 195 2571 1274 2884">
     <span class='ocr_line' id='line_1_22' title="bbox 247 2571 1272 2675; baseline 0.004 -31"><span class='ocrx_word' id='word_1_120' title='bbox 247 2571 385 2666; x_wconf 88' lang='lat' dir='ltr'><strong>Quinta</strong></span> <span class='ocrx_word' id='word_1_121' title='bbox 399 2574 487 2648; x_wconf 85' lang='lat' dir='ltr'><strong>item</strong></span> <span class='ocrx_word' id='word_1_122' title='bbox 499 2575 537 2646; x_wconf 91' lang='lat' dir='ltr'><strong>in</strong></span> <span class='ocrx_word' id='word_1_123' title='bbox 552 2574 890 2674; x_wconf 86' lang='lat' dir='ltr'><strong>Constantinopoli,</strong></span> <span class='ocrx_word' id='word_1_124' title='bbox 914 2572 1137 2674; x_wconf 87' lang='lat' dir='ltr'><strong>temporibus</strong></span> <span class='ocrx_word' id='word_1_125' title='bbox 1148 2573 1272 2675; x_wconf 84' lang='lat' dir='ltr'><strong>Vigilii</strong></span> 
     </span>
     <span class='ocr_line' id='line_1_23' title="bbox 195 2689 1274 2791; baseline 0 -28"><span class='ocrx_word' id='word_1_126' title='bbox 195 2716 321 2790; x_wconf 87' lang='lat' dir='ltr'><strong>papae,</strong></span> <span class='ocrx_word' id='word_1_127' title='bbox 338 2689 406 2763; x_wconf 90' lang='lat' dir='ltr'><strong>sub</strong></span> <span class='ocrx_word' id='word_1_128' title='bbox 419 2692 624 2765; x_wconf 85' lang='lat' dir='ltr'><strong>Justiniano</strong></span> <span class='ocrx_word' id='word_1_129' title='bbox 635 2690 820 2791; x_wconf 88' lang='lat' dir='ltr'><strong>principe,</strong></span> <span class='ocrx_word' id='word_1_130' title='bbox 836 2706 963 2764; x_wconf 88' lang='lat' dir='ltr'><strong>contra</strong></span> <span class='ocrx_word' id='word_1_131' title='bbox 983 2689 1218 2766; x_wconf 84' lang='lat' dir='ltr'><strong>Theodorum</strong></span> <span class='ocrx_word' id='word_1_132' title='bbox 1236 2706 1274 2766; x_wconf 87' lang='lat' dir='ltr'><strong>et</strong></span> 
     </span>
     <span class='ocr_line' id='line_1_24' title="bbox 197 2798 943 2884; baseline 0 -2"><span class='ocrx_word' id='word_1_133' title='bbox 197 2833 328 2882; x_wconf 88' lang='lat' dir='ltr'><strong>omnes</strong></span> <span class='ocrx_word' id='word_1_134' title='bbox 340 2806 543 2884; x_wconf 84' lang='lat' dir='ltr'><strong>haereticos.</strong></span> <span class='ocrx_word' id='word_1_135' title='bbox 941 2798 943 2802; x_wconf 11' lang='grc' dir='ltr'><em>Α</em></span> 
     </span>
    </p>
   </div>
   <div class='ocr_carea' id='block_1_3' title="bbox 195 3092 1283 3975">
    <p class='ocr_par' dir='ltr' id='par_1_8' title="bbox 195 3092 1283 3975">
     <span class='ocr_line' id='line_1_25' title="bbox 198 3092 1274 3169; baseline 0.003 -22"><span class='ocrx_word' id='word_1_136' title='bbox 198 3092 243 3147; x_wconf 87' lang='lat' dir='ltr'><strong>les</strong></span> <span class='ocrx_word' id='word_1_137' title='bbox 252 3093 393 3149; x_wconf 72' lang='lat' dir='ltr'><strong>&amp;nasius</strong></span> <span class='ocrx_word' id='word_1_138' title='bbox 404 3104 453 3149; x_wconf 90' lang='lat' dir='ltr'><strong>eut</strong></span> <span class='ocrx_word' id='word_1_139' title='bbox 465 3092 522 3149; x_wconf 90' lang='lat' dir='ltr'><strong>lien</strong></span> <span class='ocrx_word' id='word_1_140' title='bbox 534 3113 569 3149; x_wconf 91' lang='lat' dir='ltr'><strong>en</strong></span> <span class='ocrx_word' id='word_1_141' title='bbox 587 3092 650 3168; x_wconf 88' lang='lat'><strong>669.</strong></span> <span class='ocrx_word' id='word_1_142' title='bbox 664 3095 701 3149; x_wconf 89' lang='lat' dir='ltr'><strong>Le</strong></span> <span class='ocrx_word' id='word_1_143' title='bbox 714 3113 784 3168; x_wconf 88' lang='lat' dir='ltr'><strong>pape</strong></span> <span class='ocrx_word' id='word_1_144' title='bbox 796 3094 943 3167; x_wconf 82' lang='lat' dir='ltr'><strong>Agathou,</strong></span> <span class='ocrx_word' id='word_1_145' title='bbox 956 3093 1082 3148; x_wconf 80' lang='lat' dir='ltr'><strong>ordonne</strong></span> <span class='ocrx_word' id='word_1_146' title='bbox 1094 3112 1130 3149; x_wconf 88' lang='lat' dir='ltr'><strong>en</strong></span> <span class='ocrx_word' id='word_1_147' title='bbox 1139 3093 1204 3165; x_wconf 87' lang='lat' dir='ltr'><strong>juin</strong></span> <span class='ocrx_word' id='word_1_148' title='bbox 1221 3092 1274 3169; x_wconf 83' lang='lat'><strong>678</strong></span> 
     </span>
     <span class='ocr_line' id='line_1_26' title="bbox 198 3182 1276 3259; baseline 0.001 -23"><span class='ocrx_word' id='word_1_149' title='bbox 198 3200 239 3236; x_wconf 80' lang='lat' dir='ltr'><strong>ou</strong></span> <span class='ocrx_word' id='word_1_150' title='bbox 251 3182 318 3259; x_wconf 86' lang='lat'><strong>679,</strong></span> <span class='ocrx_word' id='word_1_151' title='bbox 329 3183 386 3255; x_wconf 88' lang='lat' dir='ltr'><strong>prit</strong></span> <span class='ocrx_word' id='word_1_152' title='bbox 398 3194 473 3255; x_wconf 86' lang='lat' dir='ltr'><strong>part,</strong></span> <span class='ocrx_word' id='word_1_153' title='bbox 485 3202 536 3256; x_wconf 89' lang='lat' dir='ltr'><strong>par</strong></span> <span class='ocrx_word' id='word_1_154' title='bbox 550 3201 591 3238; x_wconf 87' lang='lat' dir='ltr'><strong>ses</strong></span> <span class='ocrx_word' id='word_1_155' title='bbox 603 3183 705 3256; x_wconf 81' lang='lat' dir='ltr'><strong>legata,</strong></span> <span class='ocrx_word' id='word_1_156' title='bbox 716 3201 752 3237; x_wconf 90' lang='lat' dir='ltr'><strong>au</strong></span> <span class='ocrx_word' id='word_1_157' title='bbox 763 3184 876 3238; x_wconf 73' lang='lat' dir='ltr'><strong>sixihme</strong></span> <span class='ocrx_word' id='word_1_158' title='bbox 889 3182 995 3238; x_wconf 90' lang='lat' dir='ltr'><strong>concile</strong></span> <span class='ocrx_word' id='word_1_159' title='bbox 1006 3182 1199 3259; x_wconf 72' lang='lat' dir='ltr'><strong>oecnmeniquc</strong></span> <span class='ocrx_word' id='word_1_160' title='bbox 1208 3193 1276 3238; x_wconf 87' lang='lat' dir='ltr'><strong>tenu</strong></span> 
     </span>
     <span class='ocr_line' id='line_1_27' title="bbox 198 3270 1277 3348; baseline 0.006 -24"><span class='ocrx_word' id='word_1_161' title='bbox 198 3273 221 3324; x_wconf 69' lang='grc' dir='ltr'>ὲ</span> <span class='ocrx_word' id='word_1_162' title='bbox 239 3271 470 3346; x_wconf 87' lang='lat' dir='ltr'><strong>Constantinople</strong></span> <span class='ocrx_word' id='word_1_163' title='bbox 488 3271 589 3345; x_wconf 84' lang='lat' dir='ltr'><strong>depuis</strong></span> <span class='ocrx_word' id='word_1_164' title='bbox 604 3270 630 3327; x_wconf 94' lang='lat' dir='ltr'><strong>le</strong></span> <span class='ocrx_word' id='word_1_165' title='bbox 647 3291 663 3348; x_wconf 91' lang='lat'>7</span> <span class='ocrx_word' id='word_1_166' title='bbox 685 3273 835 3328; x_wconf 80' lang='lat' dir='ltr'><strong>novembre</strong></span> <span class='ocrx_word' id='word_1_167' title='bbox 854 3273 908 3330; x_wconf 84' lang='lat'><strong>680</strong></span> <span class='ocrx_word' id='word_1_168' title='bbox 922 3274 1054 3348; x_wconf 88' lang='lat' dir='ltr'><strong>jusqu’au</strong></span> <span class='ocrx_word' id='word_1_169' title='bbox 1074 3272 1107 3327; x_wconf 84' lang='lat'><strong>16</strong></span> <span class='ocrx_word' id='word_1_170' title='bbox 1120 3270 1277 3347; x_wconf 83' lang='lat' dir='ltr'><strong>septembre</strong></span> 
     </span>
     <span class='ocr_line' id='line_1_28' title="bbox 195 3357 1277 3438; baseline 0.006 -24"><span class='ocrx_word' id='word_1_171' title='bbox 195 3357 266 3414; x_wconf 67' lang='lat' dir='ltr'><strong>otu.</strong></span> <span class='ocrx_word' id='word_1_172' title='bbox 280 3360 374 3415; x_wconf 84' lang='lat' dir='ltr'><strong>Parmi</strong></span> <span class='ocrx_word' id='word_1_173' title='bbox 387 3379 432 3415; x_wconf 87' lang='lat' dir='ltr'><strong>ces</strong></span> <span class='ocrx_word' id='word_1_174' title='bbox 448 3361 536 3435; x_wconf 77' lang='lat' dir='ltr'><strong>legate</strong></span> <span class='ocrx_word' id='word_1_175' title='bbox 554 3380 583 3417; x_wconf 91' lang='lat' dir='ltr'><strong>se</strong></span> <span class='ocrx_word' id='word_1_176' title='bbox 600 3363 722 3417; x_wconf 87' lang='lat' dir='ltr'><strong>trouvait</strong></span> <span class='ocrx_word' id='word_1_177' title='bbox 737 3363 819 3431; x_wconf 89' lang='lat' dir='ltr'><strong>Jean,</strong></span> <span class='ocrx_word' id='word_1_178' title='bbox 841 3363 890 3438; x_wconf 90' lang='lat' dir='ltr'><strong>qui</strong></span> <span class='ocrx_word' id='word_1_179' title='bbox 905 3362 949 3417; x_wconf 81' lang='lat' dir='ltr'><strong>lut</strong></span> <span class='ocrx_word' id='word_1_180' title='bbox 965 3362 1063 3436; x_wconf 87' lang='lat' dir='ltr'><strong>depuis</strong></span> <span class='ocrx_word' id='word_1_181' title='bbox 1082 3381 1152 3436; x_wconf 93' lang='lat' dir='ltr'><strong>pape</strong></span> <span class='ocrx_word' id='word_1_182' title='bbox 1170 3380 1233 3418; x_wconf 89' lang='lat' dir='ltr'><strong>scus</strong></span> <span class='ocrx_word' id='word_1_183' title='bbox 1251 3362 1277 3420; x_wconf 92' lang='lat' dir='ltr'><strong>le</strong></span> 
     </span>
     <span class='ocr_line' id='line_1_29' title="bbox 203 3449 1278 3529; baseline 0.007 -27"><span class='ocrx_word' id='word_1_184' title='bbox 203 3467 273 3503; x_wconf 90' lang='lat' dir='ltr'><strong>nom</strong></span> <span class='ocrx_word' id='word_1_185' title='bbox 285 3449 401 3507; x_wconf 72' lang='lat' dir='ltr'><strong>delean</strong></span> <span class='ocrx_word' id='word_1_186' title='bbox 413 3452 441 3507; x_wconf 91' lang='lat' dir='ltr'>V</span> <span class='ocrx_word' id='word_1_187' title='bbox 454 3451 500 3522; x_wconf 80' lang='grc' dir='ltr'><strong>(ιο</strong></span> <span class='ocrx_word' id='word_1_188' title='bbox 512 3451 576 3523; x_wconf 87' lang='lat' dir='ltr'><strong>juin</strong></span> <span class='ocrx_word' id='word_1_189' title='bbox 592 3451 678 3527; x_wconf 70' lang='lat'><strong>6867</strong></span> <span class='ocrx_word' id='word_1_190' title='bbox 697 3452 764 3507; x_wconf 72' lang='lat' dir='ltr'><strong>aoht</strong></span> <span class='ocrx_word' id='word_1_191' title='bbox 779 3451 854 3529; x_wconf 80' lang='lat'><strong>687).</strong></span> <span class='ocrx_word' id='word_1_192' title='bbox 869 3454 944 3508; x_wconf 85' lang='lat' dir='ltr'><strong>Dans</strong></span> <span class='ocrx_word' id='word_1_193' title='bbox 960 3472 992 3509; x_wconf 90' lang='lat' dir='ltr'><strong>ce</strong></span> <span class='ocrx_word' id='word_1_194' title='bbox 1008 3452 1130 3522; x_wconf 89' lang='lat' dir='ltr'><strong>concile,</strong></span> <span class='ocrx_word' id='word_1_195' title='bbox 1145 3451 1184 3508; x_wconf 86' lang='lat' dir='ltr'><strong>les</strong></span> <span class='ocrx_word' id='word_1_196' title='bbox 1201 3453 1278 3509; x_wconf 84' lang='lat' dir='ltr'><strong>chels</strong></span> 
     </span>
     <span class='ocr_line' id='line_1_30' title="bbox 204 3535 1280 3615; baseline 0.004 -23"><span class='ocrx_word' id='word_1_197' title='bbox 204 3535 257 3592; x_wconf 81' lang='lat' dir='ltr'><strong>des</strong></span> <span class='ocrx_word' id='word_1_198' title='bbox 275 3539 472 3595; x_wconf 79' lang='lat' dir='ltr'><strong>Monothelites</strong></span> <span class='ocrx_word' id='word_1_199' title='bbox 485 3541 580 3596; x_wconf 78' lang='lat' dir='ltr'><strong>surent</strong></span> <span class='ocrx_word' id='word_1_200' title='bbox 592 3539 628 3595; x_wconf 89' lang='lat' dir='ltr'><strong>de</strong></span> <span class='ocrx_word' id='word_1_201' title='bbox 645 3558 771 3596; x_wconf 86' lang='lat' dir='ltr'><strong>nonveau</strong></span> <span class='ocrx_word' id='word_1_202' title='bbox 788 3541 955 3597; x_wconf 76' lang='lat' dir='ltr'><strong>condemnes</strong></span> <span class='ocrx_word' id='word_1_203' title='bbox 971 3552 1001 3597; x_wconf 89' lang='lat' dir='ltr'><strong>et</strong></span> <span class='ocrx_word' id='word_1_204' title='bbox 1017 3541 1230 3596; x_wconf 80' lang='lat' dir='ltr'><strong>anathematises</strong></span> <span class='ocrx_word' id='word_1_205' title='bbox 1247 3542 1280 3615; x_wconf 82' lang='lat' dir='ltr'><strong>(y</strong></span> 
     </span>
     <span class='ocr_line' id='line_1_31' title="bbox 205 3629 1278 3706; baseline 0.003 -23"><span class='ocrx_word' id='word_1_206' title='bbox 205 3630 329 3703; x_wconf 82' lang='lat' dir='ltr'><strong>compris</strong></span> <span class='ocrx_word' id='word_1_207' title='bbox 342 3629 368 3684; x_wconf 91' lang='lat' dir='ltr'><strong>le</strong></span> <span class='ocrx_word' id='word_1_208' title='bbox 378 3650 448 3705; x_wconf 88' lang='lat' dir='ltr'><strong>pape</strong></span> <span class='ocrx_word' id='word_1_209' title='bbox 457 3632 624 3703; x_wconf 87' lang='lat' dir='ltr'><strong>Honorius),</strong></span> <span class='ocrx_word' id='word_1_210' title='bbox 636 3632 765 3700; x_wconf 73' lang='lat' dir='ltr'><strong>hinccine,</strong></span> <span class='ocrx_word' id='word_1_211' title='bbox 779 3633 937 3706; x_wconf 82' lang='lat' dir='ltr'><strong>patriarche</strong></span> <span class='ocrx_word' id='word_1_212' title='bbox 946 3631 1150 3701; x_wconf 84' lang='lat' dir='ltr'><strong>d’Alexandrie,</strong></span> <span class='ocrx_word' id='word_1_213' title='bbox 1166 3631 1278 3705; x_wconf 68' lang='lat' dir='ltr'><strong>depost,</strong></span> 
     </span>
     <span class='ocr_line' id='line_1_32' title="bbox 206 3720 1281 3798; baseline 0.003 -24"><span class='ocrx_word' id='word_1_214' title='bbox 206 3730 238 3774; x_wconf 87' lang='lat' dir='ltr'><strong>et</strong></span> <span class='ocrx_word' id='word_1_215' title='bbox 250 3720 390 3796; x_wconf 77' lang='lat' dir='ltr'><strong>Georges,</strong></span> <span class='ocrx_word' id='word_1_216' title='bbox 405 3723 563 3795; x_wconf 83' lang='lat' dir='ltr'><strong>patriarche</strong></span> <span class='ocrx_word' id='word_1_217' title='bbox 574 3722 610 3777; x_wconf 90' lang='lat' dir='ltr'><strong>de</strong></span> <span class='ocrx_word' id='word_1_218' title='bbox 622 3723 866 3797; x_wconf 86' lang='lat' dir='ltr'><strong>Constantinople‚</strong></span> <span class='ocrx_word' id='word_1_219' title='bbox 880 3723 974 3798; x_wconf 77' lang='lat' dir='ltr'><strong>ohlige</strong></span> <span class='ocrx_word' id='word_1_220' title='bbox 989 3723 1025 3780; x_wconf 92' lang='lat' dir='ltr'><strong>de</strong></span> <span class='ocrx_word' id='word_1_221' title='bbox 1034 3742 1063 3779; x_wconf 87' lang='lat' dir='ltr'><strong>se</strong></span> <span class='ocrx_word' id='word_1_222' title='bbox 1075 3726 1218 3780; x_wconf 78' lang='lat' dir='ltr'><strong>retracter.</strong></span> <span class='ocrx_word' id='word_1_223' title='bbox 1229 3724 1281 3778; x_wconf 87' lang='lat' dir='ltr'><strong>Les</strong></span> 
     </span>
     <span class='ocr_line' id='line_1_33' title="bbox 211 3810 1283 3889; baseline 0.002 -25"><span class='ocrx_word' id='word_1_224' title='bbox 211 3821 282 3864; x_wconf 76' lang='lat' dir='ltr'><strong>mota</strong></span> <span class='ocrx_word' id='word_1_225' title='bbox 302 3811 467 3867; x_wconf 75' lang='lat' dir='ltr'><strong>Parmensis</strong></span> <span class='ocrx_word' id='word_1_226' title='bbox 485 3815 631 3885; x_wconf 65' lang='lat' dir='ltr'><strong>episcopus</strong></span> <span class='ocrx_word' id='word_1_227' title='bbox 647 3812 760 3868; x_wconf 80' lang='lat' dir='ltr'><strong>doivent</strong></span> <span class='ocrx_word' id='word_1_228' title='bbox 777 3813 933 3869; x_wconf 84' lang='lat' dir='ltr'><strong>s’entendre</strong></span> <span class='ocrx_word' id='word_1_229' title='bbox 946 3813 982 3869; x_wconf 92' lang='lat' dir='ltr'><strong>de</strong></span> <span class='ocrx_word' id='word_1_230' title='bbox 1000 3814 1101 3884; x_wconf 87' lang='lat' dir='ltr'><strong>Porto,</strong></span> <span class='ocrx_word' id='word_1_231' title='bbox 1119 3815 1207 3889; x_wconf 86' lang='lat' dir='ltr'><strong>petite</strong></span> <span class='ocrx_word' id='word_1_232' title='bbox 1220 3810 1283 3867; x_wconf 82' lang='lat' dir='ltr'><strong>ville</strong></span> 
     </span>
     <span class='ocr_line' id='line_1_34' title="bbox 214 3901 776 3975; baseline 0.012 -24"><span class='ocrx_word' id='word_1_233' title='bbox 214 3901 364 3975; x_wconf 70' lang='lat' dir='ltr'><strong>episcopale</strong></span> <span class='ocrx_word' id='word_1_234' title='bbox 377 3905 392 3955; x_wconf 77' lang='lat' dir='ltr'><strong>h</strong></span> <span class='ocrx_word' id='word_1_235' title='bbox 405 3901 614 3957; x_wconf 85' lang='lat' dir='ltr'><strong>l&#39;embouchure</strong></span> <span class='ocrx_word' id='word_1_236' title='bbox 627 3901 666 3957; x_wconf 90' lang='lat' dir='ltr'><strong>du</strong></span> <span class='ocrx_word' id='word_1_237' title='bbox 680 3903 776 3958; x_wconf 89' lang='lat' dir='ltr'><strong>Tihre.</strong></span> 
     </span>
    </p>
   </div>
   <div class='ocr_carea' id='block_1_4' title="bbox 0 0 1470 4958">
    <p class='ocr_par' dir='ltr' id='par_1_9' title="bbox 0 0 1470 4958">
     <span class='ocr_line' id='line_1_35' title="bbox 0 0 1470 4958; baseline 0 0"><span class='ocrx_word' id='word_1_238' title='bbox 0 0 1470 4958; x_wconf 95' lang='lat' dir='ltr'><strong> </strong></span> 
     </span>
    </p>
   </div>
  </div>
 </body>
</html>
