2916 4958
550 456 668 522 LIBER
686 456 897 523 SECUNDUS.
1195 459 1255 525 333

192 578 472 679 congregatione
499 603 632 678 magno
661 577 824 666 silentio,
850 576 951 679 loqui
979 578 1114 678 coepit,
1145 595 1182 655 et
1210 581 1255 656 de

191 696 446 784 continentia,
460 694 634 796 bonoque
657 696 847 796 conjugio,
866 691 1145 797 rationabilique
1162 722 1255 798 ope-

190 813 333 888 ratione
343 811 522 910 sapienter
533 836 574 882 ac
589 809 719 884 diserte
733 809 912 884 disseruit.
928 809 1146 886 Luculenter
1156 813 1254 886 enim

190 927 452 1002 demonstrarit
477 926 578 1026 quod
597 924 748 999 edacitas
774 927 938 1001 carnium
963 927 1021 1001 vel
1043 928 1254 1004 commixtio

191 1042 388 1142 conjugalis
421 1040 662 1141 pollutionem
696 1040 804 1116 habet
814 1095 825 1133 ,
863 1039 923 1116 sed
957 1043 1108 1118 crimine
1143 1061 1253 1120 caret.

192 1159 330 1236 Sordes
363 1162 498 1262 quippe
526 1183 718 1261 corporum
736 1162 772 1231 ‘a
804 1159 883 1232 Deo
909 1185 982 1262 per
1011 1159 1255 1260 eleemosynas

191 1294 227 1350 et
250 1302 364 1379 opera
391 1273 652 1349 misericordia
669 1274 848 1365 lavantur,
874 1301 949 1348 non
963 1277 1145 1369 crimina,
1171 1305 1256 1379 quar

190 1394 267 1467 nisi
282 1392 552 1494 perlacrymas
569 1391 794 1492 paenitentiae
816 1417 887 1464 nan
907 1390 1088 1480 lavantur.
1113 1392 1159 1466 Si
1172 1397 1255 1494 quis

191 1510 274 1611 ipso
289 1508 370 1597 die,
382 1521 581 1608 postquam
595 1505 717 1578 cibum
733 1505 920 1579 carnalem
928 1509 1110 1609 percepit,
1133 1508 1256 1583 domi-

190 1627 269 1699 nici
282 1625 451 1726 corporis
476 1622 663 1725 spirituali
684 1623 763 1697 ciba
784 1623 886 1725 refici
897 1629 1188 1728 praesumpserit,
1208 1655 1257 1701 ea·

191 1759 341 1842 utmque
358 1767 440 1813 reus
460 1740 613 1839 efficitur
628 1741 791 1813 criminis
808 1756 843 1812 et
860 1739 1098 1815 inhonestatis
1114 1758 1149 1814 at
1156 1770 1256 1845 prce-

189 1861 427 1961 sumptionis,·
447 1883 520 1931 non
543 1858 631 1957 quia
653 1856 911 1947 manducavit,
938 1858 1006 1931 sed
1022 1860 1112 1957 quia
1129 1877 1257 1934 contra

190 1975 355 2050 ordinem
372 1991 408 2048 et
419 1975 624 2075 justitiam,
644 1973 788 2076 Deique
805 1974 989 2075 regulam,
1008 1976 1256 2052 Eucharistiae

190 2093 326 2168 bonum
355 2094 551 2193 usurpavit.
585 2091 651 2164 Sic
675 2091 912 2165 homicidium
938 2111 974 2166 et
1001 2094 1253 2187 menalacium,

190 2215 355 2310 quanwr's
375 2212 449 2283 sint
464 2235 537 2312 per
553 2224 725 2281 naturam
744 2234 852 2281 suam
873 2210 993 2301 mala,
1016 2210 1114 2284 bona
1135 2228 1256 2286 tamen

178 2327 272 2427 fieri
282 2326 455 2400 uidentur
464 2352 516 2397 ex
530 2352 659 2398 causa.
675 2324 775 2399 Nam
788 2327 823 2398 si
834 2327 915 2426 quis
928 2330 1098 2401 mentitur
1107 2345 1146 2401 ut
1157 2332 1257 2405 inno

190 2461 329 2518 centem
351 2441 570 2527 abscondat,
590 2457 624 2513 et
642 2440 691 2513 ab
710 2443 860 2516 inimico
869 2468 943 2545 per
960 2445 1157 2519 mendacia
1166 2471 1257 2549 pro-

190 2575 307 2659 tego&
319 2575 385 2633 aut
394 2561 430 2631 si
433 2557 561 2659 judex
576 2584 688 2628 unum
702 2553 918 2669 scelerastpt
926 2560 1075 2660 judicia
1092 2562 1257 2635 condem·

189 2691 273 2767 nat,
302 2703 348 2750 ne
373 2676 437 2748 ille
462 2675 593 2749 multos
622 2677 828 2748 innocentes
854 2679 1055 2769 interimat,
1080 2679 1196 2753 bonus
1222 2698 1257 2754 et

191 2793 292 2867 utilis
311 2794 556 2892 indefiuctus
571 2794 791 2894 prorumpit.
811 2793 924 2893 Quod
944 2795 1083 2895 liquido
1102 2814 1258 2898 apparet

191 2911 231 2983 in
245 2910 427 2984 occisione
442 2908 563 2983 Golia
576 2927 610 2981 et
624 2909 782 2999 Sisaroe,
798 2914 924 2983 Amare
944 2928 978 2984 et
993 2912 1252 3014 Holoplternis.

192 3024 259 3100 Sic
278 3029 516 3099 matrimonia
531 3025 620 3097 dum
638 3025 867 3125 copulantur,
888 3025 978 3100 boni
993 3030 1113 3129 operis
1132 3029 1256 3103 kones-

191 3158 266 3217 tate
277 3145 454 3234 oriuntur,
472 3144 508 3216 si
521 3158 644 3216 sancte
658 3160 691 3215 et
696 3144 798 3243 juste
814 3144 1038 3246 copulentur.
1059 3147 1111 3218 At
1129 3149 1165 3221 si
1176 3175 1256 3220 ser-

192 3284 255 3332 vus
275 3260 371 3358 regis
395 3258 654 3359 desponsatam
671 3258 813 3332 domini
830 3261 891 3332 sui
908 3287 1083 3362 usurpare
1096 3263 1253 3357 audeat,

191 3401 264 3448 non
279 3376 399 3449 solum
421 3375 620 3474 affi‘mm,
644 3376 713 3447 sed
731 3378 840 3448 etiam
862 3379 997 3450 crimen
1018 3394 1095 3451 tam
1111 3381 1256 3480 grande

193 3495 386 3572 incurrisse
394 3494 635 3593 dignoscitur,
649 3509 688 3564 ut
695 3495 820 3566 merito
829 3496 952 3568 vivens
951 3492 1194 3594 flammarum
1206 3504 1256 3571 in·

193 3610 333 3684 cendiis
345 3611 525 3683 tradatur.
538 3611 623 3682 Hoc
634 3609 778 3710 ideofit,
790 3612 962 3710 nunquia
974 3638 1121 3686 uxorem
1132 3614 1253 3707 duait,

193 3726 260 3798 sed
274 3728 365 3826 quia
385 3725 528 3797 meliori
546 3750 586 3797 se
607 3725 782 3824 injuriam
791 3725 901 3824 fecit.
925 3725 988 3798 His
1011 3726 1158 3829 aliisque
1175 3757 1256 3803 ma-

193 3839 331 3914 nifestis
354 3840 545 3940 exemplis,
575 3839 767 3912 Matthaeus
788 3840 970 3939 apostolus
995 3844 1154 3944 Hyrtaco
1178 3848 1255 3948 regi

193 3954 356 4029 dissuasit
372 3956 449 4030 Deo
469 3954 594 4029 dicatae
619 3955 763 4055 nuptias
786 3956 1016 4058 Ephigeniae,
1038 3984 1085 4033 ne
1101 3961 1256 4036 coelestis

195 4071 285 4145 iram
305 4073 397 4173 rQis
416 4073 635 4159 incurreret,
654 4071 683 4143 si
699 4097 777 4146 eam
790 4097 857 4146 suo
873 4073 1107 4150 matrimonio
1123 4090 1256 4152 temere

192 4188 393 4287 copularet.
413 4191 591 4290 Hyrtacus
609 4188 720 4288 igitur
736 4189 786 4263 ira
810 4215 976 4267 accensus
991 4192 1152 4286 ucesiu
1170 4218 1256 4295 apo·
