2894 4958
434 398 552 461 LIBER
572 398 784 460 SECUNDUS.
1085 402 1146 463 265

102 534 137 627 ᾗ
156 516 420 601 insultantibus
436 519 601 618 Paganis,
615 517 713 619 quod
728 541 835 618 mago
846 516 1008 592 crederet
1022 545 1063 591 ω
1080 519 1146 592 im.

102 637 238 725 ostori,
264 636 395 710 Paulus
414 662 492 710 eam
515 635 754 725 confortavit,
770 633 904 736 jubens
926 651 969 709 ut
984 662 1145 710 scorsum

102 753 348 827 raestolaretur
373 750 567 825 adventum
593 778 719 840 suum,
746 778 867 825 secura
892 753 991 853 signa
1015 754 1146 826 mortis

102 874 151 966 ius
171 871 212 942 in
227 868 421 969 panniculo
441 885 643 969 receptura.
662 870 870 970 Longinum
888 896 994 959 vero,
1012 873 1145 945 socios·

102 1013 149 1063 ue
162 991 238 1086 ejus
253 986 437 1061 credentes
452 987 578 1061 docuit
592 988 714 1087 paucis
727 986 975 1078 sermonibus,
990 987 1146 1090 qualiter

102 1119 155 1179 ta
181 1103 313 1205 quibus
339 1103 608 1203 baptizarentur
628 1120 713 1204 post
735 1103 878 1179 obitum
900 1109 988 1204 ejus.
1014 1108 1147 1180 Perve-

102 1220 184 1297 iens
194 1237 316 1294 autem
328 1220 373 1295 ad
384 1222 557 1321 passionis
570 1222 689 1295 locum
699 1274 712 1310 ,
723 1221 766 1294 ad
780 1224 960 1296 orientem
972 1248 1094 1296 versus
1107 1223 1147 1296 iu

102 1338 214 1413 uelum
238 1364 366 1411 manus
393 1337 565 1427 tetendit,
589 1355 626 1412 et
647 1337 847 1412 diutissime
871 1364 955 1411 cum
977 1337 1147 1440 lacrymis

102 1453 246 1533 ebraice
255 1456 386 1544 oravit,
399 1458 547 1556 [leoque
558 1455 688 1555 gratias
697 1456 783 1557 egit.
799 1455 938 1529 Deinde
949 1453 1148 1530 valedicens

102 1572 272 1662 ratribus,
288 1570 496 1662 benedixit,
515 1572 656 1673 sibique
676 1573 801 1646 oculos
816 1572 862 1645 de
876 1571 1054 1644 Plautillae
1070 1597 1150 1644 πια-

102 1714 158 1765 >ra
173 1690 229 1787 (1)
254 1688 396 1789 ligavit,
425 1689 463 1761 in
488 1698 621 1762 terram
646 1703 844 1789 unumque
868 1712 966 1787 genu
986 1686 1089 1761 flexit
1112 1703 1149 1760 et

102 1803 215 1881 ollum
235 1804 402 1880 tetendit.
422 1805 628 1904 Spiculator
641 1831 728 1880 vero
748 1832 832 1877 cum
850 1807 987 1878 virtute
1004 1830 1150 1904 percus·

102 1923 127 1997 'a
148 1938 189 1997 et
210 1938 317 2022 caput
338 1926 412 2022 ejus
434 1921 606 2012 abscidit;
627 1922 727 2024 quod
742 1938 933 2024 postquam
956 1949 975 1995 a
996 1947 1151 2022 corpore

102 2038 271 2113 roecisum
284 2038 373 2126 fuit,
389 2064 524 2112 nomen
537 2040 620 2112 Jesu
633 2037 766 2111 Christi
778 2037 943 2112 bebraioe
956 2037 1048 2110 clara
1063 2062 1151 2111 voce

102 2156 282 2229 ersonuit.
301 2156 432 2228 Statim
448 2155 493 2229 de
510 2181 664 2255 corpore
679 2160 754 2256 ejus
768 2156 862 2230 unda
879 2155 981 2229 lactis
995 2156 1033 2228 in
1046 2156 1152 2229 vesti·

102 2288 207 2349 reum
231 2273 357 2347 militis
376 2275 488 2348 exivit
511 2289 548 2348 et
567 2288 689 2374 postea
710 2276 852 2376 sanguis
873 2275 1024 2349 effluxit.
1050 2274 1151 2347 Stola

102 2416 187 2480 eso,
200 2417 271 2490 qua
285 2390 353 2463 sibi
366 2392 537 2491 ligaverat
555 2391 699 2482 oculos,
713 2420 789 2467 non
807 2395 1023 2492 comparuit.
1036 2395 1151 2465 Tanta

102 2505 191 2579 tiam
209 2505 301 2580 lucis
318 2507 538 2581 immensitas
552 2524 590 2582 et
603 2508 725 2582 odoris
741 2510 892 2582 suavitas
909 2509 948 2582 in
963 2524 1153 2583 momento

102 2622 179 2698 dius
206 2623 455 2698 decollationis
486 2626 631 2700 coelitus
664 2628 832 2716 emicuit,
869 2643 912 2699 ut
943 2626 1153 2701 mortalium

102 2739 178 2815 culi
190 2740 419 2840 splendorem
431 2742 528 2816 illius
537 2744 704 2833 sufferre,
718 2758 753 2816 et
769 2743 923 2817 bumana
935 2743 1055 2844 lingua
1069 2743 1156 2816 odo·

102 2882 160 2933 em
186 2882 333 2931 narrare
359 2861 576 2959 nequiverit.
601 2861 735 2934 Omnes
765 2860 841 2933 baec
866 2859 1027 2934 videntes
1053 2859 1156 2933 valde

102 2973 248 3049 dmirati
265 2992 371 3063 sunt,
387 2993 424 3050 et
440 2978 617 3051 invictum
630 3003 752 3078 regem
774 2977 930 3051 Sabaoth
947 2980 985 3051 in
1002 2979 1154 3050 multam

102 3118 211 3169 oram
231 3091 479 3167 laudaverunt.
504 3094 718 3169 Parthenius
740 3111 862 3167 autem
881 3112 918 3168 et
938 3096 1073 3168 Feritas
1095 3120 1156 3167 re·

102 3225 284 3302 armata,
298 3211 342 3284 ad
360 3228 504 3311 portam
523 3213 623 3286 urbis
640 3229 901 3314 pervenerunt,
920 3212 984 3286 ubi
1001 3212 1157 3286 Plautil-

102 3354 155 3401 un
171 3329 372 3402 Dominum
393 3329 658 3431 glorificantem
676 3333 897 3407 invenerunt
906 3361 918 3423 3
943 3359 1052 3434 quam
1068 3357 1155 3404 mox

102 3442 252 3518 misione
273 3448 497 3542 percunctati
522 3465 608 3520 sunt
631 3474 694 3520 cur
714 3465 820 3547 caput
844 3475 949 3522 suum
965 3474 1042 3521 non
1064 3472 1156 3547 ope-

102 3562 174 3636 iret
190 3561 326 3637 mafora
346 3590 456 3663 quam
477 3564 589 3638 Paulo
608 3566 838 3664 praestiterat.
860 3566 911 3638 At
934 3564 1013 3655 illa,
1036 3565 1156 3638 calore

102 3675 334 3768 Messenae,
350 3705 432 3752 cum
444 3680 737 3781 magnanimitate
749 3680 958 3781 respondit:
976 3679 1112 3754 Ouani
1122 3697 1156 3754 et

117 4006 159 4079 (a)
175 4005 305 4081 Majom,
321 4006 442 4080 nmsors,
458 4027 568 4064 mavors
582 4033 588 4060 .·
603 4012 801 4082 operimentum
813 4010 927 4081 cupitis,
940 4008 1157 4082 maximasemi·

102 4093 197 4148 earum.
214 4094 285 4149 Duc.
309 4095 401 4151 Gloss.
417 4095 492 4152 Dans
504 4095 658 4170 lalegeude
670 4094 820 4175 originale,
836 4115 872 4154 on
885 4096 920 4153 lit
938 4122 944 4152 :
965 4095 1001 4154 de
1014 4096 1158 4153 Plautilloe

102 4183 240 4259 aapborte.
1063 4182 1065 4186 ὗ
