2916 4958
195 405 253 467 134
470 402 656 464 tttstotttt
677 401 982 463 Eccttstasnct.

195 527 269 626 ipse
299 522 481 623 Augustus
503 519 639 595 librum
671 523 769 620 ejus,
791 546 901 620 quem
929 518 974 593 de
1001 519 1267 594 resurreetione

193 642 362 743 scripsit,
394 640 465 712 suis
496 664 643 740 quoque
676 636 861 714 catholicis
893 635 1169 739 allegationibus
1202 637 1267 712 de·

195 776 351 847 struens,
361 753 576 833 deliberaret
587 756 741 830 flammis
755 758 906 833 cremari
918 755 1095 831 debuisse.
1105 756 1269 831 Docebat

193 877 292 950 enim
313 873 407 948 idem
421 874 585 946 Euticius
603 898 735 973 corpus
750 889 920 947 nostrum
937 874 975 946 in
1001 872 1061 945 illa
1082 897 1269 946 resurree-

193 994 304 1068 tionis
332 992 447 1094 gloria
472 989 722 1091 impalpabile,
745 1007 782 1066 et
799 992 916 1065 ventis
932 1017 1084 1092 aereque
1100 989 1271 1065 subtilius

192 1138 267 1187 esse
289 1109 475 1198 futurum,
502 1124 628 1183 contra
648 1108 738 1183 illud
754 1108 980 1183 dominicum
1000 1140 1009 1181 ε
1029 1110 1216 1212 Palpate,
1236 1125 1271 1182 et

191 1231 315 1305 videte
336 1231 427 1329 quia
443 1229 594 1329 spin'tus
608 1254 756 1302 cantem
771 1240 806 1302 et
822 1254 908 1302 ossa
923 1255 996 1300 non
1016 1227 1125 1301 lrabet
1134 1283 1148 1317 ,
1174 1228 1270 1300 sicut
1298 1244 1302 1255 '

117 1418 122 1437 ,
165 1386 172 1400 ·
192 1375 251 1421 me
271 1346 404 1420 videtis
424 1345 568 1420 habere.
594 1343 692 1419 Gens
707 1344 1052 1448 Langobardorum,
1072 1345 1269 1420 comitante

192 1463 287 1537 fame
296 1479 333 1537 et
345 1463 585 1550 mortalitate,
598 1489 746 1538 omnem
757 1462 1044 1537 invaditltaliam
1059 1516 1068 1549 ,
1085 1460 1271 1563 ipsamque

194 1607 383 1656 romanam
405 1583 578 1655 vastatrix
601 1581 742 1658 obsidet
770 1579 910 1656 urbem.
929 1581 1069 1675 Quibus
1092 1597 1183 1655 tunc
1204 1605 1270 1655 rex

144 1788 145 1792 Ἰ
194 1715 350 1799 praeerat
366 1697 580 1798 Alhuinus(
604 1701 633 1799 )

243 1817 437 1891 Mauricius
445 1817 636 1890 annisxx1.
651 1815 948 1917 Herminegeldus
968 1813 1270 1917 Liuvigildiguissi

194 1934 402 2011 Gothorum
412 1937 506 2037 regis
518 1935 635 2029 filius,
648 1935 698 2011 ob
709 1935 792 2010 fidei
810 1934 996 2011 catholicae
1007 1933 1272 2009 confessionem

194 2052 533 2152 inexpugnabilem,
552 2080 572 2126 a
588 2068 690 2152 patre
707 2052 863 2128 Arriano
880 2053 983 2153 regni
999 2051 1161 2151 privatus
1175 2049 1274 2122 infu-

194 2172 258 2261 lis,
278 2171 370 2244 etin
383 2196 563 2244 carcerem
580 2197 621 2242 ac
630 2170 773 2242 vincula
789 2173 972 2269 projectus
977 2222 990 2259 ,
1008 2167 1053 2241 ad
1067 2182 1274 2242 extremum
1337 2206 1339 2210 >

83 2346 86 2351 .
195 2303 305 2363 noete
316 2285 470 2361 secunda
483 2285 963 2362 dominieaeresurrectionis
976 2292 1092 2361 securi
1104 2288 1144 2358 in
1156 2285 1276 2385 eapite

196 2428 408 2504 percussus,
425 2428 581 2502 regnum
594 2402 738 2477 coeleste
754 2430 824 2502 pro
840 2418 986 2476 terreno
1003 2428 1067 2475 rex
1083 2418 1120 2476 et
1135 2411 1273 2498 martyr

196 2521 359 2595 intravit.
392 2518 501 2618 Cujus
528 2518 641 2594 frater
669 2518 915 2607 Recharedus,
947 2546 1032 2594 mox
1056 2533 1098 2592 ut
1119 2542 1274 2617 regnum
1345 2514 1349 2526 “

196 2653 280 2737 post
291 2651 433 2735 patrem
445 2636 601 2735 accepit,
617 2661 767 2710 omnem
780 2635 1007 2723 Gothorum,
1021 2636 1077 2707 cui
1095 2648 1275 2733 praeerat,

197 2768 365 2854 gentem,
387 2752 544 2825 instante
567 2751 732 2827 Leandro
756 2752 980 2850 Hispalitano
999 2753 1191 2850 episcopo,
1210 2749 1274 2851 qui

200 2887 236 2944 et
253 2868 573 2968 Herminegeldum
588 2867 779 2958 docuerat,
800 2869 1013 2941 catholicam
1031 2870 1216 2941 convertit
1232 2865 1277 2939 ad

200 2985 308 3062 iidem
320 2987 391 3086 (2).
411 2986 606 3061 Mauricius
621 2984 733 3058 filiam
751 2985 888 3061 Tiberii
904 2987 1134 3060 Constantini
1152 2988 1279 3086 conju·

199 3133 280 3205 gem
295 3104 439 3192 hahuit,
455 3118 492 3176 et
507 3103 647 3202 primus
659 3105 873 3178 Graecorum
891 3105 1001 3179 fasces
1023 3108 1277 3187 Romanorum

234 3390 274 3459 (ι)
292 3385 338 3457 (26
351 3383 507 3459 septembre
519 3383 625 3461 57⁸·¹l
637 3383 704 3441 aoht
716 3383 790 3456 582).
805 3383 885 3441 Saint
899 3383 1212 3458 Gre'goire-le-Grand,
1226 3403 1278 3440 eu·

200 3479 268 3550 soye'
281 3481 297 3530 h
309 3475 538 3549 Constantinople
550 3475 650 3549 depuis
668 3473 722 3551 579
736 3474 867 3549 jusqu'en
883 3472 950 3544 584,
969 3493 1005 3530 en
1017 3473 1122 3548 qualite'
1138 3473 1278 3548 d'apocri-

200 3568 282 3621 siaire
294 3564 329 3619 dc
344 3552 455 3636 l‘llglise
467 3565 607 3633 romaine,
621 3563 665 3620 sut
677 3563 723 3620 ela
736 3582 807 3638 pape
818 3582 854 3617 eu
867 3561 935 3638 590,
950 3574 979 3619 et
989 3573 1104 3618 mourut
1116 3562 1143 3618 le
1160 3579 1190 3618 ια
1204 3579 1279 3618 mm

200 3655 263 3721 tioi-
276 3655 315 3711 Co
327 3653 371 3707 lut
384 3671 419 3707 cn
431 3651 483 3708 582
496 3652 593 3726 qu’eut
610 3652 667 3709 lieu
685 3653 712 3708 la
731 3651 887 3708 discredon
904 3663 984 3708 entre
999 3651 1040 3707 lui
1057 3664 1087 3708 et
1104 3651 1276 3725 Eutychiae,

200 3743 359 3818 patriarche
371 3740 407 3796 de
419 3742 664 3816 Constantinople,
680 3743 730 3817 qui
740 3744 860 3798 retrama
873 3760 923 3799 son
936 3761 1044 3800 erreur.
1059 3743 1101 3799 En
1113 3739 1183 3816 593,
1198 3740 1219 3797 il
1227 3741 1279 3798 oh·

201 3835 257 3889 tint
273 3830 437 3905 d’Agilulie,
453 3833 495 3887 roi
507 3832 556 3888 des
574 3832 741 3901 lombarda,
762 3833 788 3890 la
807 3833 883 3890 leve'e
901 3834 940 3890 du
957 3836 1032 3908 siege
1048 3833 1084 3889 de
1101 3832 1201 3889 Rome.
1219 3832 1279 3907 tty

201 3926 272 3981 avait
283 3925 356 3980 alors
365 3925 445 3999 vingt
455 3943 503 3980 aus
513 3923 664 3998 qu’Alboin
676 3925 746 3981 etait
758 3936 843 3981 mort.

236 4017 274 4084 (a)
292 4011 338 4084 (15
355 4012 421 4069 aorit
439 4011 542 4088 blla-27
561 4013 711 4069 novembre
727 4013 800 4084 602).
822 4016 859 4070 Le
879 4026 1002 4089 martyre
1019 4012 1277 4086 d’llermenigilde,

201 4125 250 4179 par
256 4105 357 4160 l‘ordre
366 4104 402 4161 de
412 4122 461 4160 son
472 4105 538 4177 pire
551 4103 726 4177 leuvigilde,
739 4116 788 4161 eut
800 4105 855 4160 lira
867 4125 904 4162 en
912 4105 967 4174 584
975 4124 1012 4162 ou
1022 4103 1090 4173 585,
1104 4115 1133 4160 et
1145 4105 1172 4160 le
1181 4114 1279 4160 retour

200 4196 236 4253 de
248 4195 388 4252 Recarede
401 4213 437 4251 au
452 4191 643 4251 catholicisme
651 4214 688 4252 en
701 4195 763 4271 587,
778 4195 886 4271 d’apres
899 4197 938 4254 les
952 4197 1144 4255 exhortatione
1156 4195 1192 4253 de
1204 4197 1279 4253 saint

201 4285 340 4353 handle,
357 4283 461 4357 eveque
475 4282 511 4339 (lo
523 4282 632 4341 serilla.
