2916 4958
200 396 260 457 148
473 388 653 450 HISTORIA
675 382 978 448 ECCLESIASTICA.

198 512 380 616 quondam
397 510 441 582 ad
461 512 520 609 jus
542 507 748 608 apostolicae
769 504 860 581 sedis
882 502 1135 605 pertinebant,
1165 502 1264 579 seda

198 628 439 732 Langobardis
454 628 573 702 multo
590 644 753 726 tempore
778 625 892 699 ablata
914 624 1080 714 fuerant,
1103 624 1264 723 ejusdem

197 746 287 820 sedis
300 746 374 843 juri
392 745 574 831 restituit,
597 759 634 816 et
653 742 745 816 hanc
762 740 997 816 donationem
1014 741 1129 815 aureis
1149 740 1265 839 scrip-

197 879 271 935 tam
288 862 419 935 litteris
434 863 585 934 Romam
603 859 765 956 direxit(
789 858 820 957 ).

243 978 464 1051 Justinianus
478 975 635 1051 secundo
645 1003 727 1049 cum
741 972 890 1050 Tiberio
903 974 993 1064 filio,
1006 975 1110 1047 annis
1124 1000 1177 1049 vr.
1193 976 1262 1048 llic

196 1093 329 1167 auxilio
347 1091 505 1166 Terbelli
523 1090 767 1191 Vulgarormn
782 1091 875 1190 regis
892 1116 1046 1191 regnum
1060 1090 1260 1188 recipiens,

195 1211 327 1285 occidit
351 1236 411 1284 eos
433 1210 552 1309 quise
576 1208 787 1308 expulerant
805 1209 995 1308 patricios,
1018 1223 1056 1282 et
1077 1210 1261 1297 Leonem,

194 1329 259 1428 qui
273 1328 394 1401 locum
405 1329 479 1424 ejus
490 1342 743 1425 usurpaverat,
759 1342 797 1399 et
806 1349 1043 1399 successorem
1059 1328 1135 1424 ejus
1147 1323 1263 1400 Tibe-

194 1446 305 1533 rium,
319 1443 381 1543 qui
394 1470 475 1516 eum
487 1442 530 1517 de
544 1470 657 1544 regno
668 1447 821 1542 ejectum
831 1459 910 1516 toto
920 1469 995 1545 quo
1006 1444 1080 1543 ipse
1088 1441 1265 1545 regnabat

195 1579 358 1660 tempore
373 1561 410 1632 in
426 1559 548 1634 eadem
565 1561 709 1634 civitate
727 1561 765 1632 in
784 1560 944 1634 custodia
960 1575 1138 1635 tenuerat.
1154 1560 1263 1633 Calli-

194 1676 345 1752 nichum
361 1703 448 1750 vero
464 1676 704 1776 patriarcham
717 1680 828 1752 erutis
843 1677 957 1753 oculis
973 1680 1124 1753 Romam
1140 1679 1260 1765 misit,

194 1810 232 1868 et
244 1795 489 1894 episcopatum
502 1800 622 1897 Cyro,
641 1795 704 1895 qui
724 1811 800 1869 erat
816 1793 923 1869 abbas
941 1795 980 1867 in
997 1801 1138 1887 Ponto,
1155 1820 1263 1867 eum-

195 1936 265 2011 que
287 1909 405 1983 alehat
427 1910 586 1996 exulem,
609 1909 720 1983 dedit.
746 1911 814 1983 Hic
832 1910 1111 1983 Constantinum
1132 1934 1264 2009 papam

195 2025 238 2098 ad
255 2053 291 2100 se
307 2026 432 2100 venire
438 2023 570 2125 jubens
578 2079 589 2112 ,
603 2020 803 2098 honorilice
815 2025 970 2123 suscepit
980 2051 1021 2098 ac
1034 2024 1194 2112 remisit,
1213 2025 1263 2097 ito

196 2158 238 2215 ut
248 2169 332 2215 eum
341 2140 400 2214 die
412 2140 595 2213 dominica
605 2143 727 2211 missas
736 2137 803 2211 sibi
814 2140 931 2213 facere
938 2137 1085 2237 jubens,
1100 2166 1265 2215 commu·

193 2258 343 2330 nionem
362 2253 406 2327 de
422 2279 534 2325 manu
551 2256 625 2350 ejus
641 2255 830 2352 acceperit.
851 2253 985 2348 Quem,
1004 2269 1207 2353 prostratus
1224 2256 1262 2329 in

195 2387 312 2458 terra,
327 2394 395 2467 pro
409 2368 480 2439 suis
496 2367 649 2465 peccatis
664 2366 883 2441 intercedere
895 2369 1058 2468 rogavit,
1070 2384 1106 2443 et
1120 2385 1265 2444 cunctae

195 2484 351 2559 ecclesiae
365 2482 548 2581 privilegia
563 2485 764 2555 renovavit.
781 2484 851 2575 Qui
869 2510 952 2555 cum
965 2486 1163 2559 exercitum
1176 2487 1265 2563 mit-

196 2616 290 2675 teret
305 2600 344 2672 in
365 2600 545 2686 Pontum,
564 2624 653 2698 papa
670 2598 826 2671 multum
840 2597 1083 2699 prohibente,
1103 2602 1147 2675 ad
1163 2628 1265 2677 com-

195 2713 490 2817 prehendendum
518 2713 779 2815 Philippicum,
809 2744 918 2818 quem
947 2718 995 2792 ibi
1023 2719 1263 2821 relegaverat3

196 2858 388 2907 conversus
405 2832 524 2905 omnis
539 2832 715 2905 exercitus
731 2831 775 2905 ad
790 2848 931 2931 partem
944 2833 1156 2936 Philippici,
1176 2835 1266 2911 fecit

196 2977 278 3025 eum
311 2950 578 3048 imperatorem.
606 2949 852 3050 Reversusque
879 2977 962 3025 cum
988 2978 1032 3027 eo
1052 2955 1265 3028 Constanti-

197 3067 376 3168 nopolim,
388 3067 694 3166 pugnavitcontra
706 3068 949 3142 lastinianum
959 3069 1002 3142 ad
1009 3070 1265 3147 duodecimum

197 3183 243 3257 ab
257 3180 347 3256 urbe
360 3181 591 3270 milliarium,
616 3197 653 3254 et
665 3183 763 3257 victo
779 3168 887 3285 atque
904 3188 1023 3260 occiso
1037 3186 1264 3276 Justiniano,

197 3325 350 3400 regnum
367 3299 520 3396 suscepit
536 3296 787 3399 Philippicus(
812 3301 842 3398 ).

233 3586 243 3657 (
247 3589 271 3657 r)
288 3584 403 3641 Aribert
415 3584 459 3651 11,
474 3582 544 3639 dont
555 3602 592 3638 ou
606 3603 621 3639 a
639 3583 759 3659 quelque
771 3586 852 3658 peine
865 3589 881 3639 a
897 3586 1070 3641 reconualtre
1083 3585 1110 3642 le
1123 3604 1190 3643 nom
1202 3604 1268 3643 eone

197 3685 269 3731 cette
281 3675 384 3741 forme,
400 3675 488 3746 paralt
500 3673 576 3729 avoir
587 3674 653 3742 fait,
668 3692 704 3729 en
717 3693 778 3750 707,
792 3674 819 3729 la
833 3674 992 3731 restitution
1000 3675 1075 3731 ‹lont
1087 3675 1109 3730 il
1125 3677 1207 3751 s’agit
1218 3678 1264 3733 ici.
1292 3674 1298 3695 '

197 3763 359 3839 Cependaut
373 3764 507 3819 Baronius
520 3784 536 3820 a
548 3763 625 3838 place
638 3775 683 3820 cet
694 3767 856 3820 &serenent
867 3782 903 3819 en
915 3768 977 3841 704.

233 3856 271 3926 (a)
290 3856 441 3926 (Antonine
459 3853 494 3909 de
510 3852 964 3930 705·decembre711.)Justiuien
981 3854 1024 3924 II,
1039 3856 1166 3910 remonte
1178 3870 1227 3909 sur
1240 3853 1269 3910 le

197 3944 278 4000 trbne
298 3962 347 4016 par
360 3941 386 3997 le
399 3960 509 3999 secours
527 3943 563 3999 de
582 3944 725 4013 Ter-belis,
744 3944 787 3998 roi
806 3942 855 3998 des
867 3942 1015 4018 Bulgares,
1031 3943 1063 3998 lit
1080 3952 1212 4017 auguste,

199 4034 266 4113 706,
285 4052 334 4089 son
353 4031 396 4087 fils
412 4033 531 4103 Tibere3
545 4033 784 4091 immediaternent
797 4035 876 4106 apres
888 4051 938 4088 sou
956 4044 1053 4089 retour
1064 4035 1080 4087 t
1090 4031 1233 4106 l’empire,
1247 4031 1269 4087 it

189 4126 222 4183 fit
235 4141 330 4203 crever
342 4121 383 4178 les
395 4141 468 4197 yeux
484 4143 518 4179 an
530 4124 689 4198 patriarche
706 4121 876 4198 Callioique,
891 4124 940 4198 qui
952 4124 1024 4179 avait
1039 4123 1098 4196 pris
1109 4121 1220 4197 leperti
1231 4121 1271 4177 de
