2894 4958
565 431 682 497 treta
703 433 861 496 emotus„
1210 437 1251 504 83

181 578 317 658 corpus
342 552 426 633 lesu
445 557 564 656 petiit.
590 557 656 631 Cui
680 582 829 657 praeses,
860 579 1051 633 cumeum
1077 559 1206 638 obiisse
1233 592 1253 639 a

183 675 400 748 centurione
420 674 666 774 cognovisset,
681 673 859 772 permisit.
879 674 1009 776 Josepb
1029 702 1115 779 ergo
1131 681 1251 770 venit,

185 808 222 866 et
232 816 365 890 corpus
374 791 458 863 Jesu
471 789 574 878 tulit,
587 803 625 863 et
637 804 813 862 mercatus
825 790 1035 882 sindonem,
1050 793 1253 895 depositum

186 908 356 983 involvit.
385 907 497 983 Venit
523 922 644 980 autem
670 920 707 979 et
730 905 950 981 Nicodemus
973 908 1092 984 ferens
1116 913 1254 986 mixtu·
1335 996 1342 1012 Ι

184 1054 264 1101 ram
277 1026 439 1128 myrrbae
452 1041 489 1099 et
500 1025 595 1099 aloes
607 1025 707 1126 quasi
720 1023 829 1097 libras
841 1042 1001 1099 centum.
1015 1028 1155 1129 Corpus
1168 1057 1255 1132 ergo

183 1146 269 1219 Jesu
281 1158 496 1242 acceperunt
504 1195 516 1232 ,
529 1157 566 1214 et
579 1142 699 1215 linteis
709 1141 799 1215 illud
810 1168 895 1216 eum
907 1145 1147 1235 aromatibus,
1163 1149 1257 1222 sicut

184 1289 265 1337 mos
291 1277 345 1337 est
367 1259 499 1334 Judaeis
523 1260 691 1360 sepelire,
716 1260 932 1360 ligaverunt.
958 1263 1048 1334 Erat
1070 1280 1190 1339 autem
1217 1266 1256 1340 in

185 1381 289 1470 loco,
310 1378 373 1453 ubi
398 1378 590 1452 crucifixus
611 1392 685 1467 est,
709 1378 855 1469 hortus,
874 1395 912 1452 et
935 1380 971 1452 in
994 1379 1105 1456 horto
1123 1409 1259 1458 monu-

184 1513 354 1571 mentum
379 1520 516 1568 novum
542 1495 580 1566 in
605 1511 705 1593 petra
731 1495 912 1585 excisum,
932 1497 970 1568 in
992 1520 1067 1596 quo
1089 1498 1257 1572 nondum

184 1613 379 1714 quisquam
394 1612 533 1712 positus
546 1611 678 1684 fuerat.
701 1609 756 1683 lbi
770 1637 858 1713 ergo
871 1629 1025 1712 propter
1042 1616 1257 1690 Parasceven

184 1729 415 1819 Jndaeorum,
433 1729 516 1830 quia
530 1731 633 1828 juxta
646 1744 722 1801 erat
740 1746 1040 1818 monumentum,
1059 1750 1259 1830 posuerunt

185 1849 320 1924 Jesum.
341 1847 506 1920 Praefatae
523 1847 709 1934 mulieres,
732 1872 815 1947 quae
835 1847 945 1947 magis
964 1846 1151 1937 amabant,
1173 1875 1260 1924 con·

186 1980 243 2038 tra
266 1966 472 2065 sepulcrum
501 1961 694 2052 sedebant,
725 1979 763 2036 et
788 1961 851 2036 ubi
882 1981 1081 2064 poneretur
1109 1968 1261 2066 aspicie-

184 2079 305 2180 bant(
330 2082 360 2180 ).

235 2197 358 2271 Altera
380 2196 439 2269 die
459 2195 659 2270 sacerdotes
683 2211 720 2269 et
734 2196 900 2296 pharisaei
923 2196 968 2270 de
986 2196 1091 2270 dictis
1108 2200 1256 2273 Domini

183 2316 269 2389 Jesu
293 2316 461 2416 qnaedam
485 2314 579 2387 male
603 2314 720 2387 Pilato
748 2329 1018 2413 suggesserunt,
1050 2339 1164 2416 eoque
1192 2343 1261 2389 an-

186 2446 323 2506 nuente
342 2429 498 2531 lapidem
514 2429 768 2528 signaverunt,
788 2426 1031 2528 adhibitisque
1051 2432 1259 2507 custodibus

184 2549 392 2650 sepulcrum
409 2545 654 2643 munierunt(
680 2545 710 2642 )
910 2541 912 2544 ’

233 2665 344 2740 xlx.
365 2662 539 2758 Quaedam
556 2662 594 2735 in
613 2659 814 2760 evangelica
835 2661 1007 2763 leguntur
1026 2668 1255 2760 narratione,

183 2784 229 2859 de
244 2783 301 2856 bis
314 2807 396 2883 qum
411 2782 452 2860 in
468 2776 648 2855 dominica
664 2777 756 2850 facta
772 2793 858 2850 sunt
872 2782 1154 2873 resurrectione,
1176 2810 1258 2884 quae

184 2924 261 3000 quo
288 2896 417 2971 ordine
440 2910 536 2996 gesta
561 2894 635 2966 sint
658 2892 725 2965 nisi
753 2891 945 2994 diligenter
968 2894 1256 2989 considerentur,

185 3015 422 3116 repugnantia
440 3010 508 3085 sibi
527 3024 679 3111 possunt
697 3008 824 3082 videri.
842 3008 947 3082 Unde
967 3011 1056 3111 quid
1071 3015 1258 3112 perspicax

183 3131 318 3205 divinae
344 3132 532 3231 scripturae
564 3127 798 3227 investigator
826 3126 1048 3228 Augustinus
1075 3130 1188 3221 dicat,
1218 3150 1256 3206 et

184 3247 369 3350 quidinde
387 3249 424 3320 in
444 3252 501 3320 111⁰
512 3243 610 3319 libro
626 3245 671 3321 de
684 3243 878 3319 concordia
890 3247 1169 3347 Evangeliorum
1184 3248 1255 3322 dis·

183 3363 393 3453 serat,libet
404 3360 814 3463 indagare3eteamdem,
823 3360 1049 3451 sicutedidit,
1060 3363 1255 3439 lectionem

181 3479 240 3554 bic
262 3479 353 3553 mibi
371 3494 559 3553 annotare.
579 3479 639 3552 Sic
656 3479 755 3552 enim
778 3493 861 3578 post
882 3479 1013 3551 multas
1035 3482 1252 3579 quaestiones

182 3595 365 3670 declarans
381 3593 473 3687 dicit
491 3625 500 3667 :
528 3593 680 3686 Omnia,
700 3619 783 3694 quoe
799 3596 899 3667 circa
913 3609 1054 3696 tempus
1072 3623 1252 3672 resurrec-

184 3713 292 3787 tionis
311 3713 466 3786 Domini
466 3712 583 3809 facta
602 3729 703 3802 sunt,
728 3712 928 3786 secundum
943 3714 1103 3787 omnium
1120 3716 1252 3790 Eron-

182 3829 398 3929 gelistarum
424 3831 633 3903 testimonia
662 3831 701 3903 in
729 3856 803 3902 una
829 3828 995 3929 quadam
1020 3833 1248 3922 narratione,

216 4122 256 4192 (r)
274 4121 376 4177 natm.
399 4139 492 4191 xxvn,
515 4121 617 4198 57451,
639 4123 725 4178 Marc.
750 4140 798 4191 xv,
824 4126 924 4198 42·sp
944 4125 1010 4181 Luc.
1035 4142 1125 4196 xxtrr,
1148 4122 1251 4193 50-55;

185 4207 283 4266 leem.
296 4228 359 4280 m,
372 4207 468 4278 30-42.
479 4238 515 4256 ·-
526 4213 568 4283 (a)
578 4211 679 4268 ttstth»
695 4229 789 4282 xxvrr,
802 4209 898 4268 Μ.
