<?xml version="1.0" encoding="UTF-8"?>
<!DOCTYPE html PUBLIC "-//W3C//DTD XHTML 1.0 Transitional//EN"
    "http://www.w3.org/TR/xhtml1/DTD/xhtml1-transitional.dtd">
<html xmlns="http://www.w3.org/1999/xhtml" xml:lang="en" lang="en">
 <head>
  <title>
</title>
<meta http-equiv="Content-Type" content="text/html;charset=utf-8" />
  <meta name='ocr-system' content='tesseract 3.04.00' />
  <meta name='ocr-capabilities' content='ocr_page ocr_carea ocr_par ocr_line ocrx_word'/>
</head>
<body>
  <div class='ocr_page' id='page_1' title='image "./ordericivitalis02deligoog_0100.png"; bbox 0 0 2894 4958; ppageno 0'>
   <div class='ocr_carea' id='block_1_1' title="bbox 179 383 1265 4125">
    <p class='ocr_par' dir='ltr' id='par_1_1' title="bbox 191 383 977 449">
     <span class='ocr_line' id='line_1_1' title="bbox 191 383 977 449; baseline -0.009 0"><span class='ocrx_word' id='word_1_1' title='bbox 191 389 232 449; x_wconf 77' lang='lat'><em>86</em></span> <span class='ocrx_word' id='word_1_2' title='bbox 466 384 651 446; x_wconf 72' lang='lat' dir='ltr'>HISTORIA</span> <span class='ocrx_word' id='word_1_3' title='bbox 671 383 977 446; x_wconf 75' lang='lat' dir='ltr'><em>Ecctttsltstwt.</em></span> 
     </span>
    </p>

    <p class='ocr_par' dir='ltr' id='par_1_2' title="bbox 188 501 1263 839">
     <span class='ocr_line' id='line_1_2' title="bbox 189 501 1263 605; baseline 0 -28"><span class='ocrx_word' id='word_1_4' title='bbox 189 506 279 605; x_wconf 80' lang='lat' dir='ltr'><em>quio</em></span> <span class='ocrx_word' id='word_1_5' title='bbox 301 518 439 605; x_wconf 81' lang='lat' dir='ltr'><em>oportet</em></span> <span class='ocrx_word' id='word_1_6' title='bbox 462 502 603 576; x_wconf 86' lang='lat' dir='ltr'><em>Filium</em></span> <span class='ocrx_word' id='word_1_7' title='bbox 628 503 785 578; x_wconf 75' lang='lat' dir='ltr'><em>hominis</em></span> <span class='ocrx_word' id='word_1_8' title='bbox 802 503 908 577; x_wconf 78' lang='lat' dir='ltr'><em>&#39;trudi</em></span> <span class='ocrx_word' id='word_1_9' title='bbox 927 505 966 575; x_wconf 88' lang='lat' dir='ltr'><em>iu</em></span> <span class='ocrx_word' id='word_1_10' title='bbox 985 528 1115 577; x_wconf 82' lang='lat' dir='ltr'><em>monus</em></span> <span class='ocrx_word' id='word_1_11' title='bbox 1137 501 1263 577; x_wconf 80' lang='lat' dir='ltr'><em>ltomi-</em></span> 
     </span>
     <span class='ocr_line' id='line_1_3' title="bbox 188 619 1256 723; baseline -0.001 -28"><span class='ocrx_word' id='word_1_12' title='bbox 188 649 277 695; x_wconf 88' lang='lat' dir='ltr'><em>num</em></span> <span class='ocrx_word' id='word_1_13' title='bbox 285 635 542 723; x_wconf 84' lang='lat' dir='ltr'><em>peccatorum,</em></span> <span class='ocrx_word' id='word_1_14' title='bbox 562 637 597 696; x_wconf 87' lang='lat' dir='ltr'><em>et</em></span> <span class='ocrx_word' id='word_1_15' title='bbox 612 621 800 721; x_wconf 83' lang='lat' dir='ltr'><em>crucifigi,</em></span> <span class='ocrx_word' id='word_1_16' title='bbox 818 637 852 693; x_wconf 89' lang='lat' dir='ltr'><em>et</em></span> <span class='ocrx_word' id='word_1_17' title='bbox 863 619 924 693; x_wconf 81' lang='lat' dir='ltr'><em>die</em></span> <span class='ocrx_word' id='word_1_18' title='bbox 937 621 1043 692; x_wconf 87' lang='lat' dir='ltr'><em>tertia</em></span> <span class='ocrx_word' id='word_1_19' title='bbox 1054 645 1256 720; x_wconf 76' lang='lat' dir='ltr'><em>resurgere.</em></span> 
     </span>
     <span class='ocr_line' id='line_1_4' title="bbox 188 738 942 839; baseline -0.005 -24"><span class='ocrx_word' id='word_1_20' title='bbox 188 742 238 814; x_wconf 88' lang='lat' dir='ltr'><em>Et</em></span> <span class='ocrx_word' id='word_1_21' title='bbox 254 740 450 815; x_wconf 73' lang='lat' dir='ltr'><em>recordatae</em></span> <span class='ocrx_word' id='word_1_22' title='bbox 467 755 552 813; x_wconf 82' lang='lat' dir='ltr'><em>sunt</em></span> <span class='ocrx_word' id='word_1_23' title='bbox 568 738 766 814; x_wconf 85' lang='lat' dir='ltr'><em>verborum</em></span> <span class='ocrx_word' id='word_1_24' title='bbox 783 741 888 839; x_wconf 86' lang='lat' dir='ltr'><em>ejus(</em></span> <span class='ocrx_word' id='word_1_25' title='bbox 913 740 942 836; x_wconf 93' lang='lat'><em>).</em></span> 
     </span>
    </p>

    <p class='ocr_par' dir='ltr' id='par_1_3' title="bbox 179 856 1265 4125">
     <span class='ocr_line' id='line_1_5' title="bbox 237 856 1259 946; baseline 0 -16"><span class='ocrx_word' id='word_1_26' title='bbox 237 860 324 932; x_wconf 82' lang='lat' dir='ltr'><em>Post</em></span> <span class='ocrx_word' id='word_1_27' title='bbox 345 856 423 931; x_wconf 79' lang='lat' dir='ltr'><em>hoec</em></span> <span class='ocrx_word' id='word_1_28' title='bbox 447 857 559 932; x_wconf 86' lang='lat' dir='ltr'>Maria</span> <span class='ocrx_word' id='word_1_29' title='bbox 585 883 756 932; x_wconf 86' lang='lat' dir='ltr'><em>conversa</em></span> <span class='ocrx_word' id='word_1_30' title='bbox 781 873 835 931; x_wconf 88' lang='lat' dir='ltr'><em>est</em></span> <span class='ocrx_word' id='word_1_31' title='bbox 857 873 1080 946; x_wconf 82' lang='lat' dir='ltr'><em>retmrsum,</em></span> <span class='ocrx_word' id='word_1_32' title='bbox 1107 872 1144 931; x_wconf 88' lang='lat' dir='ltr'><em>et</em></span> <span class='ocrx_word' id='word_1_33' title='bbox 1166 856 1259 930; x_wconf 78' lang='lat' dir='ltr'><em>vidit</em></span> 
     </span>
     <span class='ocr_line' id='line_1_6' title="bbox 185 973 1259 1065; baseline -0.001 -16"><span class='ocrx_word' id='word_1_34' title='bbox 185 978 308 1051; x_wconf 83' lang='lat' dir='ltr'><em>lesum</em></span> <span class='ocrx_word' id='word_1_35' title='bbox 341 990 495 1050; x_wconf 73' lang='lat' dir='ltr'><em>stantem</em></span> <span class='ocrx_word' id='word_1_36' title='bbox 519 976 613 1049; x_wconf 77' lang='lat' dir='ltr'><em>sicut</em></span> <span class='ocrx_word' id='word_1_37' title='bbox 638 976 730 1049; x_wconf 86' lang='lat' dir='ltr'>dixit</span> <span class='ocrx_word' id='word_1_38' title='bbox 755 977 933 1065; x_wconf 80' lang='lat' dir='ltr'><em>loannes,</em></span> <span class='ocrx_word' id='word_1_39' title='bbox 961 989 999 1048; x_wconf 88' lang='lat' dir='ltr'><em>et</em></span> <span class='ocrx_word' id='word_1_40' title='bbox 1023 1000 1099 1051; x_wconf 88' lang='lat' dir='ltr'><em>uon</em></span> <span class='ocrx_word' id='word_1_41' title='bbox 1123 973 1259 1051; x_wconf 77' lang='lat' dir='ltr'><em>sciebat</em></span> 
     </span>
     <span class='ocr_line' id='line_1_7' title="bbox 186 1091 1260 1195; baseline 0.003 -29"><span class='ocrx_word' id='word_1_42' title='bbox 186 1094 271 1194; x_wconf 81' lang='lat' dir='ltr'><em>quia</em></span> <span class='ocrx_word' id='word_1_43' title='bbox 290 1093 391 1168; x_wconf 81' lang='lat' dir='ltr'><em>lesus</em></span> <span class='ocrx_word' id='word_1_44' title='bbox 408 1107 473 1168; x_wconf 88' lang='lat' dir='ltr'><em>est.</em></span> <span class='ocrx_word' id='word_1_45' title='bbox 494 1094 593 1166; x_wconf 81' lang='lat' dir='ltr'>Dicit</span> <span class='ocrx_word' id='word_1_46' title='bbox 609 1095 642 1167; x_wconf 90' lang='lat' dir='ltr'><em>ei</em></span> <span class='ocrx_word' id='word_1_47' title='bbox 656 1094 756 1167; x_wconf 82' lang='lat' dir='ltr'><em>Jesus</em></span> <span class='ocrx_word' id='word_1_48' title='bbox 783 1123 792 1165; x_wconf 74' lang='grc' dir='ltr'><strong><em>ε</em></strong></span> <span class='ocrx_word' id='word_1_49' title='bbox 816 1093 967 1183; x_wconf 82' lang='lat' dir='ltr'><em>Mulier,</em></span> <span class='ocrx_word' id='word_1_50' title='bbox 990 1093 1084 1193; x_wconf 87' lang='lat' dir='ltr'><em>quid</em></span> <span class='ocrx_word' id='word_1_51' title='bbox 1096 1091 1260 1195; x_wconf 80' lang='lat' dir='ltr'><em>ploras?</em></span> 
     </span>
     <span class='ocr_line' id='line_1_8' title="bbox 187 1209 1255 1312; baseline -0.001 -29"><span class='ocrx_word' id='word_1_52' title='bbox 187 1237 292 1310; x_wconf 83' lang='lat' dir='ltr'><em>quem</em></span> <span class='ocrx_word' id='word_1_53' title='bbox 314 1209 482 1311; x_wconf 72' lang='lat' dir='ltr'><em>quierit?</em></span> <span class='ocrx_word' id='word_1_54' title='bbox 496 1210 560 1283; x_wconf 87' lang='lat' dir='ltr'>llla</span> <span class='ocrx_word' id='word_1_55' title='bbox 584 1212 789 1285; x_wconf 79' lang='lat' dir='ltr'><em>existimans</em></span> <span class='ocrx_word' id='word_1_56' title='bbox 805 1212 888 1312; x_wconf 83' lang='lat' dir='ltr'><em>quia</em></span> <span class='ocrx_word' id='word_1_57' title='bbox 908 1209 1120 1284; x_wconf 81' lang='lat' dir='ltr'><em>hortolanus</em></span> <span class='ocrx_word' id='word_1_58' title='bbox 1142 1224 1255 1301; x_wconf 79' lang='lat' dir='ltr'><em>esset,</em></span> 
     </span>
     <span class='ocr_line' id='line_1_9' title="bbox 186 1325 1259 1420; baseline 0 -20"><span class='ocrx_word' id='word_1_59' title='bbox 186 1327 278 1402; x_wconf 83' lang='lat' dir='ltr'>dixit</span> <span class='ocrx_word' id='word_1_60' title='bbox 294 1326 326 1400; x_wconf 89' lang='lat' dir='ltr'><em>ei</em></span> <span class='ocrx_word' id='word_1_61' title='bbox 352 1357 361 1398; x_wconf 76' lang='grc' dir='ltr'><strong>ε</strong></span> <span class='ocrx_word' id='word_1_62' title='bbox 380 1328 556 1419; x_wconf 85' lang='lat' dir='ltr'><em>Domine,</em></span> <span class='ocrx_word' id='word_1_63' title='bbox 582 1330 618 1402; x_wconf 91' lang='lat' dir='ltr'><em>si</em></span> <span class='ocrx_word' id='word_1_64' title='bbox 638 1345 678 1401; x_wconf 89' lang='lat' dir='ltr'><em>tu</em></span> <span class='ocrx_word' id='word_1_65' title='bbox 698 1330 879 1403; x_wconf 79' lang='lat' dir='ltr'><em>sustulisti</em></span> <span class='ocrx_word' id='word_1_66' title='bbox 898 1355 1001 1420; x_wconf 88' lang='lat' dir='ltr'><em>euru,</em></span> <span class='ocrx_word' id='word_1_67' title='bbox 1025 1328 1143 1403; x_wconf 79' lang='lat' dir='ltr'><em>dicito</em></span> <span class='ocrx_word' id='word_1_68' title='bbox 1166 1325 1259 1400; x_wconf 79' lang='lat' dir='ltr'><em>utili</em></span> 
     </span>
     <span class='ocr_line' id='line_1_10' title="bbox 187 1444 1254 1545; baseline 0.001 -28"><span class='ocrx_word' id='word_1_69' title='bbox 187 1444 252 1517; x_wconf 89' lang='lat' dir='ltr'><em>ubi</em></span> <span class='ocrx_word' id='word_1_70' title='bbox 266 1445 427 1545; x_wconf 81' lang='lat' dir='ltr'><em>posuisti</em></span> <span class='ocrx_word' id='word_1_71' title='bbox 443 1470 526 1517; x_wconf 90' lang='lat' dir='ltr'><em>eum</em></span> <span class='ocrx_word' id='word_1_72' title='bbox 533 1501 548 1535; x_wconf 86' lang='lat'><em>,</em></span> <span class='ocrx_word' id='word_1_73' title='bbox 563 1463 597 1517; x_wconf 89' lang='lat' dir='ltr'><em>et</em></span> <span class='ocrx_word' id='word_1_74' title='bbox 615 1471 684 1545; x_wconf 82' lang='lat' dir='ltr'><em>ego</em></span> <span class='ocrx_word' id='word_1_75' title='bbox 702 1472 783 1518; x_wconf 89' lang='lat' dir='ltr'><em>eum</em></span> <span class='ocrx_word' id='word_1_76' title='bbox 802 1445 943 1518; x_wconf 81' lang='lat' dir='ltr'><em>tollam.</em></span> <span class='ocrx_word' id='word_1_77' title='bbox 961 1445 1064 1518; x_wconf 82' lang='lat' dir='ltr'><em>Dixit</em></span> <span class='ocrx_word' id='word_1_78' title='bbox 1080 1444 1111 1518; x_wconf 91' lang='lat' dir='ltr'><em>ei</em></span> <span class='ocrx_word' id='word_1_79' title='bbox 1129 1444 1254 1519; x_wconf 79' lang='lat' dir='ltr'><em>lesus:</em></span> 
     </span>
     <span class='ocr_line' id='line_1_11' title="bbox 186 1559 1258 1663; baseline 0.001 -30"><span class='ocrx_word' id='word_1_80' title='bbox 186 1561 327 1636; x_wconf 86' lang='lat' dir='ltr'><em>Morio.</em></span> <span class='ocrx_word' id='word_1_81' title='bbox 351 1561 531 1636; x_wconf 83' lang='lat' dir='ltr'><em>Conversa</em></span> <span class='ocrx_word' id='word_1_82' title='bbox 554 1562 757 1636; x_wconf 79' lang='lat' dir='ltr'><em>illedixit:</em></span> <span class='ocrx_word' id='word_1_83' title='bbox 781 1561 976 1652; x_wconf 84' lang='lat' dir='ltr'><em>Rabboni,</em></span> <span class='ocrx_word' id='word_1_84' title='bbox 1000 1560 1100 1663; x_wconf 87' lang='lat' dir='ltr'><em>quod</em></span> <span class='ocrx_word' id='word_1_85' title='bbox 1121 1559 1258 1634; x_wconf 86' lang='lat' dir='ltr'><em>dicitur</em></span> 
     </span>
     <span class='ocr_line' id='line_1_12' title="bbox 186 1677 1259 1780; baseline -0.002 -28"><span class='ocrx_word' id='word_1_86' title='bbox 186 1680 371 1779; x_wconf 72' lang='lat' dir='ltr'><em>magester.</em></span> <span class='ocrx_word' id='word_1_87' title='bbox 401 1678 499 1752; x_wconf 87' lang='lat' dir='ltr'>Dicit</span> <span class='ocrx_word' id='word_1_88' title='bbox 515 1680 548 1754; x_wconf 89' lang='lat' dir='ltr'><em>ei</em></span> <span class='ocrx_word' id='word_1_89' title='bbox 572 1680 672 1754; x_wconf 87' lang='lat' dir='ltr'><em>Jesus</em></span> <span class='ocrx_word' id='word_1_90' title='bbox 687 1710 697 1755; x_wconf 79' lang='lat' dir='ltr'><em>t</em></span> <span class='ocrx_word' id='word_1_91' title='bbox 715 1681 809 1756; x_wconf 85' lang='lat' dir='ltr'><em>Noli</em></span> <span class='ocrx_word' id='word_1_92' title='bbox 832 1706 890 1754; x_wconf 82' lang='lat' dir='ltr'><em>me</em></span> <span class='ocrx_word' id='word_1_93' title='bbox 906 1695 1065 1780; x_wconf 80' lang='lat' dir='ltr'><em>tangere.</em></span> <span class='ocrx_word' id='word_1_94' title='bbox 1079 1677 1259 1754; x_wconf 85' lang='lat' dir='ltr'><em>Nondum</em></span> 
     </span>
     <span class='ocr_line' id='line_1_13' title="bbox 185 1793 1258 1899; baseline -0.003 -29"><span class='ocrx_word' id='word_1_95' title='bbox 185 1798 281 1870; x_wconf 87' lang='lat' dir='ltr'><em>euim</em></span> <span class='ocrx_word' id='word_1_96' title='bbox 294 1796 449 1870; x_wconf 82' lang='lat' dir='ltr'><em>ascendi</em></span> <span class='ocrx_word' id='word_1_97' title='bbox 460 1796 515 1870; x_wconf 87' lang='lat' dir='ltr'><em>od</em></span> <span class='ocrx_word' id='word_1_98' title='bbox 526 1814 668 1899; x_wconf 81' lang='lat' dir='ltr'><em>patrem</em></span> <span class='ocrx_word' id='word_1_99' title='bbox 685 1824 814 1871; x_wconf 88' lang='lat' dir='ltr'><em>meum.</em></span> <span class='ocrx_word' id='word_1_100' title='bbox 836 1796 948 1871; x_wconf 84' lang='lat' dir='ltr'><em>Vade</em></span> <span class='ocrx_word' id='word_1_101' title='bbox 967 1812 1088 1869; x_wconf 86' lang='lat' dir='ltr'><em>autem</em></span> <span class='ocrx_word' id='word_1_102' title='bbox 1104 1793 1161 1867; x_wconf 85' lang='lat' dir='ltr'><em>od</em></span> <span class='ocrx_word' id='word_1_103' title='bbox 1167 1794 1258 1893; x_wconf 81' lang='lat' dir='ltr'><em>fra·</em></span> 
     </span>
     <span class='ocr_line' id='line_1_14' title="bbox 186 1914 1260 2015; baseline -0.001 -29"><span class='ocrx_word' id='word_1_104' title='bbox 186 1931 255 1990; x_wconf 88' lang='lat' dir='ltr'><em>tres</em></span> <span class='ocrx_word' id='word_1_105' title='bbox 279 1942 400 2009; x_wconf 86' lang='lat' dir='ltr'><em>meos,</em></span> <span class='ocrx_word' id='word_1_106' title='bbox 419 1932 454 1989; x_wconf 88' lang='lat' dir='ltr'><em>et</em></span> <span class='ocrx_word' id='word_1_107' title='bbox 477 1915 541 1990; x_wconf 84' lang='lat' dir='ltr'><em>dic</em></span> <span class='ocrx_word' id='word_1_108' title='bbox 561 1917 614 1990; x_wconf 90' lang='lat' dir='ltr'><em>eis</em></span> <span class='ocrx_word' id='word_1_109' title='bbox 630 1943 639 1989; x_wconf 94' lang='lat'>:</span> <span class='ocrx_word' id='word_1_110' title='bbox 655 1916 829 1990; x_wconf 82' lang='lat' dir='ltr'><em>Ascendo</em></span> <span class='ocrx_word' id='word_1_111' title='bbox 854 1914 909 1987; x_wconf 86' lang='lat' dir='ltr'><em>od</em></span> <span class='ocrx_word' id='word_1_112' title='bbox 928 1931 1071 2015; x_wconf 77' lang='lat' dir='ltr'><em>patrem</em></span> <span class='ocrx_word' id='word_1_113' title='bbox 1089 1938 1207 1986; x_wconf 86' lang='lat' dir='ltr'><em>meum</em></span> <span class='ocrx_word' id='word_1_114' title='bbox 1223 1928 1260 1985; x_wconf 86' lang='lat' dir='ltr'><em>et</em></span> 
     </span>
     <span class='ocr_line' id='line_1_15' title="bbox 179 2031 1255 2137; baseline -0.004 -30"><span class='ocrx_word' id='word_1_115' title='bbox 179 2049 328 2137; x_wconf 80' lang='lat' dir='ltr'><em>patrem</em></span> <span class='ocrx_word' id='word_1_116' title='bbox 346 2053 522 2126; x_wconf 87' lang='lat' dir='ltr'><em>vestrum,</em></span> <span class='ocrx_word' id='word_1_117' title='bbox 542 2034 597 2107; x_wconf 89' lang='lat' dir='ltr'><em>od</em></span> <span class='ocrx_word' id='word_1_118' title='bbox 610 2034 733 2107; x_wconf 88' lang='lat' dir='ltr'><em>Deum</em></span> <span class='ocrx_word' id='word_1_119' title='bbox 752 2059 871 2106; x_wconf 87' lang='lat' dir='ltr'><em>meum</em></span> <span class='ocrx_word' id='word_1_120' title='bbox 891 2048 926 2105; x_wconf 87' lang='lat' dir='ltr'><em>et</em></span> <span class='ocrx_word' id='word_1_121' title='bbox 947 2031 1067 2104; x_wconf 86' lang='lat' dir='ltr'><em>Deum</em></span> <span class='ocrx_word' id='word_1_122' title='bbox 1082 2046 1255 2104; x_wconf 75' lang='lat' dir='ltr'><em>vestrum·</em></span> 
     </span>
     <span class='ocr_line' id='line_1_16' title="bbox 187 2144 1258 2252; baseline 0 -28"><span class='ocrx_word' id='word_1_123' title='bbox 187 2151 293 2224; x_wconf 80' lang='lat' dir='ltr'><em>Tunc</em></span> <span class='ocrx_word' id='word_1_124' title='bbox 313 2176 449 2252; x_wconf 81' lang='lat' dir='ltr'><em>egressa</em></span> <span class='ocrx_word' id='word_1_125' title='bbox 469 2167 523 2225; x_wconf 85' lang='lat' dir='ltr'><em>est</em></span> <span class='ocrx_word' id='word_1_126' title='bbox 539 2179 558 2224; x_wconf 80' lang='lat' dir='ltr'>a</span> <span class='ocrx_word' id='word_1_127' title='bbox 580 2166 842 2239; x_wconf 89' lang='lat' dir='ltr'><em>monumento,</em></span> <span class='ocrx_word' id='word_1_128' title='bbox 868 2147 939 2223; x_wconf 89' lang='lat' dir='ltr'><em>hoc</em></span> <span class='ocrx_word' id='word_1_129' title='bbox 955 2164 1009 2222; x_wconf 87' lang='lat' dir='ltr'><em>cst</em></span> <span class='ocrx_word' id='word_1_130' title='bbox 1025 2144 1072 2220; x_wconf 76' lang='lat' dir='ltr'><em>ab</em></span> <span class='ocrx_word' id='word_1_131' title='bbox 1095 2147 1162 2221; x_wconf 90' lang='lat' dir='ltr'>illo</span> <span class='ocrx_word' id='word_1_132' title='bbox 1176 2146 1258 2224; x_wconf 87' lang='lat' dir='ltr'>loco</span> 
     </span>
     <span class='ocr_line' id='line_1_17' title="bbox 188 2265 1262 2369; baseline 0 -29"><span class='ocrx_word' id='word_1_133' title='bbox 188 2268 251 2341; x_wconf 87' lang='lat' dir='ltr'><em>ubi</em></span> <span class='ocrx_word' id='word_1_134' title='bbox 285 2284 362 2343; x_wconf 82' lang='lat' dir='ltr'><em>erat</em></span> <span class='ocrx_word' id='word_1_135' title='bbox 389 2267 488 2343; x_wconf 85' lang='lat' dir='ltr'><em>horti</em></span> <span class='ocrx_word' id='word_1_136' title='bbox 516 2269 672 2369; x_wconf 85' lang='lat' dir='ltr'><em>spatium</em></span> <span class='ocrx_word' id='word_1_137' title='bbox 702 2281 786 2342; x_wconf 80' lang='lat' dir='ltr'><em>ante</em></span> <span class='ocrx_word' id='word_1_138' title='bbox 816 2265 972 2367; x_wconf 72' lang='lat' dir='ltr'><em>lapidem</em></span> <span class='ocrx_word' id='word_1_139' title='bbox 998 2266 1190 2354; x_wconf 70' lang='lat' dir='ltr'><em>effossum</em></span> <span class='ocrx_word' id='word_1_140' title='bbox 1223 2278 1262 2340; x_wconf 83' lang='lat' dir='ltr'><em>et</em></span> 
     </span>
     <span class='ocr_line' id='line_1_18' title="bbox 188 2383 1260 2486; baseline -0.002 -31"><span class='ocrx_word' id='word_1_141' title='bbox 188 2383 286 2473; x_wconf 80' lang='lat' dir='ltr'>alioe,</span> <span class='ocrx_word' id='word_1_142' title='bbox 304 2410 394 2486; x_wconf 81' lang='lat' dir='ltr'><em>quas</em></span> <span class='ocrx_word' id='word_1_143' title='bbox 409 2385 606 2459; x_wconf 87' lang='lat' dir='ltr'><em>secundum</em></span> <span class='ocrx_word' id='word_1_144' title='bbox 628 2386 793 2460; x_wconf 84' lang='lat' dir='ltr'><em>Marcum</em></span> <span class='ocrx_word' id='word_1_145' title='bbox 806 2383 983 2458; x_wconf 81' lang='lat' dir='ltr'><em>invaserat</em></span> <span class='ocrx_word' id='word_1_146' title='bbox 995 2396 1134 2456; x_wconf 84' lang='lat' dir='ltr'><em>tremor</em></span> <span class='ocrx_word' id='word_1_147' title='bbox 1146 2395 1183 2455; x_wconf 91' lang='lat' dir='ltr'><em>et</em></span> <span class='ocrx_word' id='word_1_148' title='bbox 1194 2406 1260 2481; x_wconf 85' lang='lat' dir='ltr'><em>pa·</em></span> 
     </span>
     <span class='ocr_line' id='line_1_19' title="bbox 188 2498 1262 2605; baseline -0.002 -32"><span class='ocrx_word' id='word_1_149' title='bbox 188 2526 268 2591; x_wconf 81' lang='lat' dir='ltr'><em>vor,</em></span> <span class='ocrx_word' id='word_1_150' title='bbox 297 2530 380 2577; x_wconf 90' lang='lat' dir='ltr'><em>cum</em></span> <span class='ocrx_word' id='word_1_151' title='bbox 403 2504 480 2594; x_wconf 83' lang='lat' dir='ltr'>illa;</span> <span class='ocrx_word' id='word_1_152' title='bbox 501 2519 539 2578; x_wconf 91' lang='lat' dir='ltr'><em>et</em></span> <span class='ocrx_word' id='word_1_153' title='bbox 562 2504 699 2580; x_wconf 89' lang='lat' dir='ltr'><em>nemini</em></span> <span class='ocrx_word' id='word_1_154' title='bbox 725 2499 926 2605; x_wconf 77' lang='lat' dir='ltr'><em>quidquam</em></span> <span class='ocrx_word' id='word_1_155' title='bbox 949 2498 1132 2576; x_wconf 83' lang='lat' dir='ltr'><em>dicebant.</em></span> <span class='ocrx_word' id='word_1_156' title='bbox 1153 2501 1262 2574; x_wconf 84' lang='lat' dir='ltr'><em>Tunc</em></span> 
     </span>
     <span class='ocr_line' id='line_1_20' title="bbox 183 2616 1261 2716; baseline -0.001 -26"><span class='ocrx_word' id='word_1_157' title='bbox 183 2622 260 2716; x_wconf 84' lang='lat' dir='ltr'><em>jam</em></span> <span class='ocrx_word' id='word_1_158' title='bbox 268 2620 466 2695; x_wconf 86' lang='lat' dir='ltr'><em>secundum</em></span> <span class='ocrx_word' id='word_1_159' title='bbox 476 2620 709 2712; x_wconf 78' lang='lat' dir='ltr'><em>Matthoeum,</em></span> <span class='ocrx_word' id='word_1_160' title='bbox 724 2646 807 2695; x_wconf 88' lang='lat' dir='ltr'><em>ecce</em></span> <span class='ocrx_word' id='word_1_161' title='bbox 817 2621 918 2694; x_wconf 80' lang='lat' dir='ltr'><em>lesus</em></span> <span class='ocrx_word' id='word_1_162' title='bbox 928 2619 1090 2696; x_wconf 89' lang='lat' dir='ltr'><em>occurrit</em></span> <span class='ocrx_word' id='word_1_163' title='bbox 1101 2617 1172 2691; x_wconf 83' lang='lat' dir='ltr'><em>illis</em></span> <span class='ocrx_word' id='word_1_164' title='bbox 1180 2671 1193 2708; x_wconf 87' lang='lat'><strong><em>,</em></strong></span> <span class='ocrx_word' id='word_1_165' title='bbox 1204 2616 1261 2690; x_wconf 89' lang='lat' dir='ltr'><em>di-</em></span> 
     </span>
     <span class='ocr_line' id='line_1_21' title="bbox 190 2737 1262 2813; baseline 0 -7"><span class='ocrx_word' id='word_1_166' title='bbox 190 2759 273 2808; x_wconf 86' lang='lat' dir='ltr'><em>cens</em></span> <span class='ocrx_word' id='word_1_167' title='bbox 304 2765 313 2806; x_wconf 76' lang='grc' dir='ltr'><strong><em>ε</em></strong></span> <span class='ocrx_word' id='word_1_168' title='bbox 341 2739 469 2811; x_wconf 65' lang='lat' dir='ltr'><em>Arete</em></span> <span class='ocrx_word' id='word_1_169' title='bbox 490 2737 567 2811; x_wconf 85' lang='lat' dir='ltr'>lllae</span> <span class='ocrx_word' id='word_1_170' title='bbox 596 2754 717 2813; x_wconf 85' lang='lat' dir='ltr'><em>autem</em></span> <span class='ocrx_word' id='word_1_171' title='bbox 743 2751 968 2812; x_wconf 84' lang='lat' dir='ltr'><em>accesserunt</em></span> <span class='ocrx_word' id='word_1_172' title='bbox 994 2750 1032 2811; x_wconf 88' lang='lat' dir='ltr'><em>et</em></span> <span class='ocrx_word' id='word_1_173' title='bbox 1062 2748 1262 2808; x_wconf 85' lang='lat' dir='ltr'><em>tenuerunt</em></span> 
     </span>
     <span class='ocr_line' id='line_1_22' title="bbox 191 2849 1264 2951; baseline 0.002 -28"><span class='ocrx_word' id='word_1_174' title='bbox 191 2849 296 2947; x_wconf 81' lang='lat' dir='ltr'><em>pedes</em></span> <span class='ocrx_word' id='word_1_175' title='bbox 314 2855 389 2951; x_wconf 88' lang='lat' dir='ltr'><em>ejus</em></span> <span class='ocrx_word' id='word_1_176' title='bbox 413 2868 450 2928; x_wconf 88' lang='lat' dir='ltr'><em>et</em></span> <span class='ocrx_word' id='word_1_177' title='bbox 473 2853 716 2928; x_wconf 86' lang='lat' dir='ltr'><em>adoraverunt</em></span> <span class='ocrx_word' id='word_1_178' title='bbox 731 2879 828 2927; x_wconf 89' lang='lat' dir='ltr'><em>eum.</em></span> <span class='ocrx_word' id='word_1_179' title='bbox 854 2855 914 2926; x_wconf 89' lang='lat' dir='ltr'><em>Sic</em></span> <span class='ocrx_word' id='word_1_180' title='bbox 935 2853 1034 2927; x_wconf 89' lang='lat' dir='ltr'><em>enim</em></span> <span class='ocrx_word' id='word_1_181' title='bbox 1058 2851 1264 2950; x_wconf 71' lang='lat' dir='ltr'>colligimus</span> 
     </span>
     <span class='ocr_line' id='line_1_23' title="bbox 191 2966 1265 3068; baseline 0 -28"><span class='ocrx_word' id='word_1_182' title='bbox 191 2980 228 3040; x_wconf 85' lang='lat' dir='ltr'><em>et</em></span> <span class='ocrx_word' id='word_1_183' title='bbox 251 2967 463 3068; x_wconf 80' lang='lat' dir='ltr'><em>angelorum</em></span> <span class='ocrx_word' id='word_1_184' title='bbox 492 2970 751 3044; x_wconf 84' lang='lat' dir='ltr'><em>allocutionem</em></span> <span class='ocrx_word' id='word_1_185' title='bbox 766 2969 822 3042; x_wconf 87' lang='lat' dir='ltr'><em>bis</em></span> <span class='ocrx_word' id='word_1_186' title='bbox 845 2994 1001 3043; x_wconf 85' lang='lat' dir='ltr'><em>numero</em></span> <span class='ocrx_word' id='word_1_187' title='bbox 1022 2994 1079 3042; x_wconf 80' lang='lat' dir='ltr'><em>eas</em></span> <span class='ocrx_word' id='word_1_188' title='bbox 1099 2966 1265 3040; x_wconf 81' lang='lat' dir='ltr'><em>habuisse</em></span> 
     </span>
     <span class='ocr_line' id='line_1_24' title="bbox 191 3082 1261 3188; baseline 0.001 -32"><span class='ocrx_word' id='word_1_189' title='bbox 191 3085 375 3159; x_wconf 83' lang='lat' dir='ltr'><em>venientes</em></span> <span class='ocrx_word' id='word_1_190' title='bbox 391 3087 435 3158; x_wconf 84' lang='lat' dir='ltr'><em>ad</em></span> <span class='ocrx_word' id='word_1_191' title='bbox 450 3102 754 3179; x_wconf 87' lang='lat' dir='ltr'><em>monumentum,</em></span> <span class='ocrx_word' id='word_1_192' title='bbox 774 3104 811 3162; x_wconf 88' lang='lat' dir='ltr'><em>et</em></span> <span class='ocrx_word' id='word_1_193' title='bbox 827 3088 936 3188; x_wconf 86' lang='lat' dir='ltr'><em>ipsius</em></span> <span class='ocrx_word' id='word_1_194' title='bbox 964 3086 1126 3162; x_wconf 89' lang='lat' dir='ltr'><em>Domini.</em></span> <span class='ocrx_word' id='word_1_195' title='bbox 1143 3082 1261 3158; x_wconf 86' lang='lat' dir='ltr'><em>Semel</em></span> 
     </span>
     <span class='ocr_line' id='line_1_25' title="bbox 191 3201 1262 3305; baseline 0 -32"><span class='ocrx_word' id='word_1_196' title='bbox 191 3202 326 3276; x_wconf 89' lang='lat' dir='ltr'><em>scilicet</em></span> <span class='ocrx_word' id='word_1_197' title='bbox 349 3201 442 3292; x_wconf 91' lang='lat' dir='ltr'>illic,</span> <span class='ocrx_word' id='word_1_198' title='bbox 466 3204 612 3302; x_wconf 84' lang='lat' dir='ltr'><em>quando</em></span> <span class='ocrx_word' id='word_1_199' title='bbox 639 3204 752 3278; x_wconf 87' lang='lat' dir='ltr'><em>Maria</em></span> <span class='ocrx_word' id='word_1_200' title='bbox 780 3204 1015 3281; x_wconf 81' lang='lat' dir='ltr'><em>hortolanum</em></span> <span class='ocrx_word' id='word_1_201' title='bbox 1037 3203 1197 3305; x_wconf 84' lang='lat' dir='ltr'><em>putavit,</em></span> <span class='ocrx_word' id='word_1_202' title='bbox 1224 3214 1262 3274; x_wconf 86' lang='lat' dir='ltr'><em>et</em></span> 
     </span>
     <span class='ocr_line' id='line_1_26' title="bbox 192 3319 1261 3419; baseline 0.001 -28"><span class='ocrx_word' id='word_1_203' title='bbox 192 3345 290 3391; x_wconf 91' lang='lat' dir='ltr'><em>nunc</em></span> <span class='ocrx_word' id='word_1_204' title='bbox 309 3319 443 3391; x_wconf 83' lang='lat' dir='ltr'><em>iterum</em></span> <span class='ocrx_word' id='word_1_205' title='bbox 461 3319 498 3391; x_wconf 91' lang='lat' dir='ltr'><em>in</em></span> <span class='ocrx_word' id='word_1_206' title='bbox 515 3320 589 3411; x_wconf 80' lang='lat' dir='ltr'><em>via,</em></span> <span class='ocrx_word' id='word_1_207' title='bbox 610 3347 695 3393; x_wconf 89' lang='lat' dir='ltr'><em>cum</em></span> <span class='ocrx_word' id='word_1_208' title='bbox 712 3323 761 3395; x_wconf 87' lang='lat' dir='ltr'><em>eis</em></span> <span class='ocrx_word' id='word_1_209' title='bbox 778 3323 959 3410; x_wconf 86' lang='lat' dir='ltr'><em>occurrit;</em></span> <span class='ocrx_word' id='word_1_210' title='bbox 976 3336 1018 3394; x_wconf 87' lang='lat' dir='ltr'><em>ut</em></span> <span class='ocrx_word' id='word_1_211' title='bbox 1033 3348 1089 3395; x_wconf 81' lang='lat' dir='ltr'><em>eas</em></span> <span class='ocrx_word' id='word_1_212' title='bbox 1107 3320 1181 3419; x_wconf 81' lang='lat' dir='ltr'><em>ipsa</em></span> <span class='ocrx_word' id='word_1_213' title='bbox 1197 3344 1261 3392; x_wconf 78' lang='lat' dir='ltr'><em>re-</em></span> 
     </span>
     <span class='ocr_line' id='line_1_27' title="bbox 190 3434 1262 3537; baseline -0.004 -26"><span class='ocrx_word' id='word_1_214' title='bbox 190 3437 366 3534; x_wconf 87' lang='lat' dir='ltr'><em>petitione</em></span> <span class='ocrx_word' id='word_1_215' title='bbox 395 3434 573 3526; x_wconf 81' lang='lat' dir='ltr'><em>firmaret,</em></span> <span class='ocrx_word' id='word_1_216' title='bbox 604 3452 748 3537; x_wconf 81' lang='lat' dir='ltr'><em>atquea</em></span> <span class='ocrx_word' id='word_1_217' title='bbox 771 3440 902 3513; x_wconf 82' lang='lat' dir='ltr'><em>timore</em></span> <span class='ocrx_word' id='word_1_218' title='bbox 931 3451 1123 3513; x_wconf 63' lang='lat' dir='ltr'><em>recrearet.</em></span> <span class='ocrx_word' id='word_1_219' title='bbox 1154 3436 1262 3508; x_wconf 83' lang='lat' dir='ltr'><em>Tunc</em></span> 
     </span>
     <span class='ocr_line' id='line_1_28' title="bbox 191 3551 1262 3652; baseline -0.002 -27"><span class='ocrx_word' id='word_1_220' title='bbox 191 3578 278 3649; x_wconf 82' lang='lat' dir='ltr'><em>ergo</em></span> <span class='ocrx_word' id='word_1_221' title='bbox 303 3554 354 3625; x_wconf 81' lang='lat' dir='ltr'><em>sit</em></span> <span class='ocrx_word' id='word_1_222' title='bbox 382 3551 482 3625; x_wconf 91' lang='lat' dir='ltr'><em>illis:</em></span> <span class='ocrx_word' id='word_1_223' title='bbox 505 3551 631 3628; x_wconf 85' lang='lat' dir='ltr'><em>Nolite</em></span> <span class='ocrx_word' id='word_1_224' title='bbox 656 3559 787 3628; x_wconf 88' lang='lat' dir='ltr'><em>timere.</em></span> <span class='ocrx_word' id='word_1_225' title='bbox 807 3556 866 3627; x_wconf 92' lang='lat' dir='ltr'><em>Ite</em></span> <span class='ocrx_word' id='word_1_226' title='bbox 870 3611 883 3645; x_wconf 90' lang='lat'><em>,</em></span> <span class='ocrx_word' id='word_1_227' title='bbox 904 3559 1068 3627; x_wconf 81' lang='lat' dir='ltr'><em>nuntiate</em></span> <span class='ocrx_word' id='word_1_228' title='bbox 1071 3551 1262 3652; x_wconf 82' lang='lat' dir='ltr'><em>fratribus</em></span> 
     </span>
     <span class='ocr_line' id='line_1_29' title="bbox 192 3667 1264 3745; baseline -0.003 -3"><span class='ocrx_word' id='word_1_229' title='bbox 192 3671 281 3742; x_wconf 87' lang='lat' dir='ltr'><em>meis</em></span> <span class='ocrx_word' id='word_1_230' title='bbox 313 3686 351 3741; x_wconf 91' lang='lat' dir='ltr'><em>ut</em></span> <span class='ocrx_word' id='word_1_231' title='bbox 379 3685 464 3742; x_wconf 87' lang='lat' dir='ltr'><em>eout</em></span> <span class='ocrx_word' id='word_1_232' title='bbox 482 3671 521 3742; x_wconf 85' lang='lat' dir='ltr'><em>in</em></span> <span class='ocrx_word' id='word_1_233' title='bbox 542 3670 755 3744; x_wconf 83' lang='lat' dir='ltr'><em>Goliloeam.</em></span> <span class='ocrx_word' id='word_1_234' title='bbox 783 3672 846 3745; x_wconf 88' lang='lat' dir='ltr'><em>Ibi</em></span> <span class='ocrx_word' id='word_1_235' title='bbox 866 3698 924 3743; x_wconf 90' lang='lat' dir='ltr'><em>me</em></span> <span class='ocrx_word' id='word_1_236' title='bbox 939 3669 1129 3742; x_wconf 79' lang='lat' dir='ltr'><em>videbunt.</em></span> <span class='ocrx_word' id='word_1_237' title='bbox 1150 3667 1264 3743; x_wconf 82' lang='lat' dir='ltr'><em>Venit</em></span> 
     </span>
     <span class='ocr_line' id='line_1_30' title="bbox 192 3782 1262 3887; baseline -0.003 -28"><span class='ocrx_word' id='word_1_238' title='bbox 192 3811 279 3887; x_wconf 83' lang='lat' dir='ltr'><em>ergo</em></span> <span class='ocrx_word' id='word_1_239' title='bbox 295 3785 408 3859; x_wconf 80' lang='lat' dir='ltr'>Maria</span> <span class='ocrx_word' id='word_1_240' title='bbox 421 3782 626 3886; x_wconf 84' lang='lat' dir='ltr'><em>Magdalene</em></span> <span class='ocrx_word' id='word_1_241' title='bbox 637 3788 856 3863; x_wconf 83' lang='lat' dir='ltr'><em>annuntians</em></span> <span class='ocrx_word' id='word_1_242' title='bbox 867 3786 1052 3886; x_wconf 87' lang='lat' dir='ltr'><em>discipulis</em></span> <span class='ocrx_word' id='word_1_243' title='bbox 1068 3785 1153 3887; x_wconf 84' lang='lat' dir='ltr'><em>quia</em></span> <span class='ocrx_word' id='word_1_244' title='bbox 1169 3784 1262 3858; x_wconf 81' lang='lat' dir='ltr'><em>vidit</em></span> 
     </span>
     <span class='ocr_line' id='line_1_31' title="bbox 193 3899 1260 4000; baseline 0 -27"><span class='ocrx_word' id='word_1_245' title='bbox 193 3901 404 3988; x_wconf 89' lang='lat' dir='ltr'><em>Dominum,</em></span> <span class='ocrx_word' id='word_1_246' title='bbox 420 3919 456 3975; x_wconf 88' lang='lat' dir='ltr'><em>et</em></span> <span class='ocrx_word' id='word_1_247' title='bbox 466 3900 543 3974; x_wconf 84' lang='lat' dir='ltr'><em>haec</em></span> <span class='ocrx_word' id='word_1_248' title='bbox 555 3902 586 3974; x_wconf 91' lang='lat' dir='ltr'><em>ei</em></span> <span class='ocrx_word' id='word_1_249' title='bbox 598 3900 690 3974; x_wconf 83' lang='lat' dir='ltr'><em>dixit</em></span> <span class='ocrx_word' id='word_1_250' title='bbox 696 3931 708 3992; x_wconf 69' lang='grc' dir='ltr'><strong><em>ς</em></strong></span> <span class='ocrx_word' id='word_1_251' title='bbox 723 3929 798 3978; x_wconf 91' lang='lat' dir='ltr'><em>non</em></span> <span class='ocrx_word' id='word_1_252' title='bbox 812 3903 931 3976; x_wconf 83' lang='lat' dir='ltr'><em>solum</em></span> <span class='ocrx_word' id='word_1_253' title='bbox 944 3903 1031 4000; x_wconf 80' lang='lat' dir='ltr'><em>ipsa,</em></span> <span class='ocrx_word' id='word_1_254' title='bbox 1044 3900 1104 3975; x_wconf 87' lang='lat' dir='ltr'><em>scd</em></span> <span class='ocrx_word' id='word_1_255' title='bbox 1118 3914 1154 3975; x_wconf 85' lang='lat' dir='ltr'><em>et</em></span> <span class='ocrx_word' id='word_1_256' title='bbox 1164 3899 1260 3989; x_wconf 75' lang='lat' dir='ltr'><em>aliae,</em></span> 
     </span>
     <span class='ocr_line' id='line_1_32' title="bbox 190 4013 1264 4125; baseline -0.001 -37"><span class='ocrx_word' id='word_1_257' title='bbox 190 4043 277 4125; x_wconf 86' lang='lat' dir='ltr'><em>quas</em></span> <span class='ocrx_word' id='word_1_258' title='bbox 311 4019 424 4089; x_wconf 83' lang='lat' dir='ltr'><em>Lucas</em></span> <span class='ocrx_word' id='word_1_259' title='bbox 454 4032 724 4092; x_wconf 80' lang='lat' dir='ltr'><em>commemorat.</em></span> <span class='ocrx_word' id='word_1_260' title='bbox 759 4017 850 4112; x_wconf 83' lang='lat' dir='ltr'><em>Quae</em></span> <span class='ocrx_word' id='word_1_261' title='bbox 891 4018 1153 4091; x_wconf 84' lang='lat' dir='ltr'><em>nuntiaverunt</em></span> <span class='ocrx_word' id='word_1_262' title='bbox 1183 4013 1264 4088; x_wconf 83' lang='lat' dir='ltr'><em>haeo</em></span> 
     </span>
    </p>
   </div>
   <div class='ocr_carea' id='block_1_2' title="bbox 226 4267 789 4343">
    <p class='ocr_par' dir='ltr' id='par_1_4' title="bbox 226 4267 789 4343">
     <span class='ocr_line' id='line_1_33' title="bbox 226 4267 789 4343; baseline 0.005 -20"><span class='ocrx_word' id='word_1_263' title='bbox 226 4270 437 4343; x_wconf 80' lang='lat' dir='ltr'><em>(1)Luc.xx1v,</em></span> <span class='ocrx_word' id='word_1_264' title='bbox 456 4270 630 4341; x_wconf 71' lang='lat' dir='ltr'><em>1-83102nn.</em></span> <span class='ocrx_word' id='word_1_265' title='bbox 646 4289 697 4341; x_wconf 79' lang='lat' dir='ltr'><em>xx,</em></span> <span class='ocrx_word' id='word_1_266' title='bbox 714 4289 725 4325; x_wconf 83' lang='lat' dir='ltr'><em>t</em></span> <span class='ocrx_word' id='word_1_267' title='bbox 746 4267 789 4326; x_wconf 74' lang='lat'><em>13.</em></span> 
     </span>
    </p>
   </div>
   <div class='ocr_carea' id='block_1_3' title="bbox 0 0 1460 4958">
    <p class='ocr_par' dir='ltr' id='par_1_5' title="bbox 0 0 1460 4958">
     <span class='ocr_line' id='line_1_34' title="bbox 0 0 1460 4958; baseline 0 0"><span class='ocrx_word' id='word_1_268' title='bbox 0 0 1460 4958; x_wconf 95' lang='lat' dir='ltr'><em> </em></span> 
     </span>
    </p>
   </div>
  </div>
 </body>
</html>
