2894 4958
529 430 646 505 truta
665 431 876 494 SECUNDUS.
1176 428 1236 498 3⁴7

171 558 302 630 Sancta
315 569 429 628 mater
445 552 600 628 Ecclesia
611 552 742 643 credit,
757 569 793 627 et
805 552 925 627 omnis
938 550 1134 627 catholicus
1150 553 1237 630 lide·

170 674 257 748 liter
270 671 394 747 asserit
412 670 511 772 quod
524 694 577 743 xrr
590 671 742 770 apostoli
759 697 842 746 vere
859 669 953 745 beati
973 687 1059 744 sunt
1073 687 1110 745 et
1124 670 1235 746 subli-

170 814 266 878 mes,
289 803 506 888 eternaeque
522 785 702 861 felicitatis
717 786 919 887 participes.
939 784 998 858 Sal
1017 785 1115 860 enim
1128 801 1235 861 terrae

171 921 212 980 et
225 904 289 977 lux
305 901 452 991 mundi,
467 925 521 975 ιιιι
535 900 635 976 horae
651 901 819 1002 perennis
830 900 921 989 diei,
940 900 1138 977 fructiferae
1155 904 1237 976 vitis

169 1018 338 1094 foecundi
360 1018 546 1119 palmites,
575 1015 707 1091 Christi
734 1033 1003 1118 cooperatores,
1029 1021 1176 1119 ejusque
1197 1020 1235 1092 in

168 1163 286 1238 regno
309 1137 446 1211 coelesti
474 1134 697 1225 coheredes,
723 1134 855 1211 celebri
881 1138 1054 1210 memoria
1077 1135 1237 1212 fidelium

169 1254 303 1354 passim
318 1253 532 1328 recoluntur
537 1279 550 1343 ς
566 1266 604 1327 et
615 1253 653 1327 in
670 1255 810 1327 cunctis
827 1252 1053 1343 nationibus,
1072 1252 1137 1326 ubi
1154 1279 1240 1330 vera

172 1369 261 1446 fides
285 1372 456 1472 imperat,
485 1369 725 1462 honorantur,
754 1372 986 1472 magistrique
1008 1373 1173 1473 gentium
1201 1387 1239 1448 et

170 1503 332 1563 rectores
358 1488 586 1562 ecclesiarum
610 1503 823 1585 veneranter
849 1488 1057 1564 vocitantur
1078 1519 1087 1562 ε
1112 1502 1239 1588 utpote

170 1601 273 1679 orbis
299 1631 319 1677 a
343 1603 489 1679 Christo
511 1606 700 1680 constituti
719 1603 878 1704 judices,
898 1603 1141 1704 reproborum
1163 1603 1240 1678 dis-

172 1720 272 1794 tricti
287 1742 452 1797 censores
470 1739 507 1797 et
525 1721 742 1798 devotorum
752 1722 804 1821 pii
817 1722 1016 1822 adjutores,
1036 1721 1240 1823 assiduique

172 1836 437 1915 intercessores.
457 1841 641 1940 Despectis
656 1841 755 1915 enim
767 1837 938 1914 omnibus
954 1863 1036 1940 quae
1056 1838 1238 1912 mundana

172 1968 277 2047 sunt,
296 1954 461 2045 Christo,
480 1957 544 2057 qni
560 1981 643 2031 vera
659 1957 743 2029 vitis
766 1973 803 2031 et
820 1957 893 2028 vita
911 1971 986 2046 est,
1003 1952 1239 2049 indissolubi-
1352 2020 1357 2025 .

171 2071 257 2148 liter
272 2071 508 2148 inhaeserunt.
528 2072 637 2148 Nunc
653 2075 692 2148 in
709 2075 813 2149 coelis
831 2101 916 2148 cum
936 2072 1063 2150 εοάειιι
1076 2098 1160 2176 rege
1178 2100 1239 2149 re-

172 2212 260 2291 gum
284 2207 457 2291 regnant,
474 2192 513 2265 in
528 2194 604 2292 ejus
618 2193 770 2292 perenni
794 2192 897 2268 laude
919 2219 1002 2266 cum
1021 2192 1154 2294 angelis
1170 2192 1239 2264 tri-

172 2305 343 2406 pudiant,
372 2325 410 2382 et
435 2334 543 2408 super
565 2333 618 2383 ιιιι
645 2307 798 2384 thronos
823 2308 1019 2385 residentes
1042 2332 1094 2382 xn
1122 2307 1239 2383 tribus

173 2424 282 2497 lsrael
302 2450 385 2496 cum
404 2424 563 2499 Domino
575 2425 750 2524 judicant.
769 2428 910 2500 Horum
927 2425 1103 2528 siqnidem
1121 2441 1238 2527 gesta,

174 2564 257 2638 quoe
274 2537 445 2639 leguntur
462 2541 499 2612 in
522 2540 701 2628 Ecclesia,
718 2555 961 2641 perscrutatus
978 2567 1077 2631 sum,
1097 2539 1241 2616 eadem-
1281 2539 1285 2546 ⁸

175 2680 247 2756 qne
271 2673 384 2755 prout
415 2657 454 2730 in
476 2658 602 2756 priscis
626 2659 747 2733 inveni
777 2656 979 2748 codicibus,
996 2660 1085 2732 mihi
1106 2657 1240 2734 abbre-

175 2770 307 2846 viando
324 2773 537 2846 exercitatus
555 2800 648 2847 sum.

223 2887 327 2962 xlv.
344 2888 487 2964 Amodo
501 2889 546 2964 de
562 2891 667 2964 sociis
680 2907 717 2964 et
732 2891 993 2965 successoribus
1005 2916 1133 2966 eorum
1145 2904 1242 2963 trac-

177 3017 253 3078 tare
270 3002 455 3096 desidem,
473 3024 509 3082 et
523 3006 763 3108 quorumdam
775 3011 1018 3096 mentionem,
1039 3000 1241 3107 opitulante

176 3121 272 3211 Deo,
291 3121 376 3196 huic
398 3126 499 3225 operi
521 3124 649 3200 devote
667 3124 941 3201 commendabo.
960 3127 1001 3198 ld
1022 3149 1141 3227 agam,
1163 3149 1241 3198 non

176 3239 277 3341 qnod
298 3241 363 3340 ipsi
379 3266 458 3316 mea
477 3241 660 3344 indigeant
675 3243 898 3335 laudatione,
920 3269 1079 3346 quorum
1094 3242 1170 3315 laus
1186 3253 1241 3316 est

175 3355 272 3432 Dens
293 3359 388 3459 ipse,
405 3360 468 3461 qui
492 3361 608 3434 trinus
632 3376 668 3435 et
687 3384 782 3435 unus
803 3377 930 3464 regnat
952 3362 989 3435 in
1012 3360 1238 3448 aeternitate,

175 3494 332 3578 suosque
356 3502 476 3552 secum
493 3477 674 3554 beatificat
693 3498 827 3556 eterna
845 3477 1158 3569 remuneratione,
1181 3476 1243 3553 sed

176 3606 219 3664 ut
235 3592 286 3667 eis
302 3590 372 3667 hoc
387 3594 526 3696 agendo
542 3593 729 3671 exhibeam
743 3621 861 3671 meam
873 3596 1121 3684 devotionem,
1141 3592 1243 3669 obti-

178 3733 355 3811 neamque
384 3709 546 3786 favorem
568 3735 695 3785 eorum
719 3709 763 3784 ad
784 3736 900 3787 meam
926 3710 1158 3786 salvationem
1184 3709 1247 3810 pie

178 3824 454 3899 nanciscendam
470 3852 679 3925 percorum
694 3827 1012 3903 interventionem.
1110 3877 1113 3882 -

223 3942 359 4044 Josepb
379 3943 503 4045 igitur,
520 3946 582 4046 qui
600 3943 797 4035 Barnabas,
819 3945 856 4019 id
872 3962 925 4021 est
936 3944 1046 4047 filius
1068 3944 1241 4018 consola—

181 4059 305 4149 tionis,
333 4061 606 4160 cognominatus
628 4079 703 4152 est,
730 4062 876 4136 natione
899 4062 1043 4163 Cypriae
1066 4059 1239 4149 civitatis,

180 4199 262 4273 quae
280 4174 434 4275 aCyro,
452 4202 535 4277 rege
547 4177 754 4267 Persarum,
775 4176 922 4252 fundata
939 4192 1009 4270 est,
1031 4178 1143 4254 tertio
1158 4190 1241 4276 post
