2916 4958
190 388 232 447 96
463 381 649 444 HISTORIA
670 380 975 444 ECCLESIASTICA.

190 529 272 603 quse
289 504 363 600 ipse
374 499 548 573 Eusebius
560 500 604 574 de
616 515 768 601 utraque
778 501 935 575 editione
946 502 1015 600 (1),
1032 501 1150 575 utsibi
1161 498 1259 579 vide·

192 618 316 708 batur,
337 620 560 719 composuit,
581 620 667 693 anni
691 634 776 693 sunt
796 621 958 720 quinque
981 620 1093 693 millia
1109 623 1256 696 ducenti

192 736 321 836 viginti
339 751 437 808 octo.

228 852 349 925 ‚Anno
365 861 476 924 ιιιιιιι0
491 852 632 950 imperii
651 850 808 940 Tiberii,
824 852 1000 925 Dominus
1016 881 1077 926 sua
1093 858 1260 955 passione

192 967 370 1041 mundum
379 967 549 1053 redemit,
565 982 602 1039 et
614 968 763 1040 victora
778 965 932 1040 mortuis
947 970 1053 1043 tertia
1068 969 1125 1043 die
1139 998 1261 1046 resur-

191 1109 277 1183 gens
285 1135 296 1170 ‚
316 1081 480 1155 fidelibus
494 1081 565 1152 suis
579 1082 787 1155 manifestus
800 1084 985 1183 apparuit,
1001 1101 1037 1158 et
1050 1098 1111 1159 ιιι·
1129 1087 1187 1161 die
1203 1089 1261 1160 vi-

191 1198 361 1274 dentibus
389 1199 457 1271 illis
485 1200 522 1271 in
552 1199 686 1272 coelum
710 1200 881 1274 ascendit.
909 1201 1089 1302 Agrippa,
1118 1229 1260 1305 cogno-

192 1330 317 1389 mento
334 1314 514 1405 Herodes,
535 1312 630 1386 filius
648 1314 850 1388 Aristoboli
876 1315 942 1388 filii
966 1318 1118 1413 Herodis
1143 1321 1257 1419 regis,

193 1445 378 1504 accusator
394 1430 545 1540 Herodis
562 1429 773 1520 tetrarcbae,
789 1433 942 1505 Romam
953 1434 1136 1531 profectus
1154 1463 1174 1509 a
1191 1436 1262 1509 Ti·

193 1546 296 1621 berio
314 1547 352 1618 in
375 1547 517 1619 vincula
535 1548 728 1646 conjicitur
746 1549 825 1648 (a);
844 1547 907 1620 ubi
929 1551 1106 1649 plurimos
1122 1551 1191 1627 sibi
1215 1553 1260 1629 ad

193 1665 389 1738 amicitiam
401 1665 539 1756 ascivit,
552 1681 589 1738 et
599 1667 753 1740 maxime
766 1664 897 1738 Gaium
907 1665 1112 1743 Germanici
1126 1669 1258 1745 filium.

242 1781 379 1870 Gaius,
408 1797 652 1882 cognomento
680 1781 836 1882 Caligola
849 1837 861 1871 ,
888 1785 1051 1883 regnavit
1077 1812 1193 1859 annos
1218 1810 1260 1859 ιιι

193 1927 330 1975 menses
346 1924 371 1972 x
384 1900 504 1973 etdies
519 1924 600 1972 vui.
616 1900 683 1972 llic
698 1900 877 1973 Herodem
892 1901 1089 2001 Agrippam
1104 1904 1260 1979 amicum

193 2044 298 2091 suum
306 2070 318 2105 ‚
333 2016 486 2088 vinculis
499 2015 707 2112 liberatum,
725 2042 847 2116 regem
859 2017 991 2089 Judaeae
1005 2017 1092 2092 fecit
1107 2020 1180 2118 (3);
1195 2021 1260 2122 qui

192 2149 380 2234 permanet
394 2135 431 2204 in
447 2158 559 2232 regno
574 2157 626 2205 vn
641 2133 761 2222 annis,
778 2132 815 2206 id
831 2148 884 2205 est
901 2160 1014 2234 usque
1030 2135 1074 2207 ad
1090 2150 1262 2235 quartum

194 2250 331 2324 Claudii
360 2275 511 2322 annum.
540 2248 622 2342 Quo
653 2247 698 2320 ab
721 2249 849 2351 angelo
879 2275 1070 2349 percusso,
1101 2250 1261 2352 Agrippa

194 2367 289 2441 filius
303 2372 377 2466 ejus
391 2367 429 2439 in
441 2391 555 2467 regno
568 2367 735 2439 successit
742 2420 754 2455 ‚
771 2382 808 2439 et
819 2391 932 2466 usquc
948 2365 992 2438 ad
1005 2368 1262 2441 exterminium

192 2483 402 2556 Judaeorum
418 2507 513 2557 xxv1
532 2482 634 2581 annis
647 2484 897 2580 perseveravit.
912 2483 1069 2556 Herodes
1084 2481 1262 2557 tetrarcha

195 2599 332 2699 etipse
361 2598 441 2672 Gaii
471 2598 666 2675 amicitiam
699 2614 854 2697 petens,
882 2614 1031 2697 cogente
1062 2597 1263 2674 Herodiade

195 2718 348 2789 Romam
370 2716 483 2790 venit.
515 2713 584 2787 Sed
610 2731 791 2787 accusatus
814 2713 860 2788 ab
887 2715 1045 2815 Agrippa
1072 2716 1190 2788 etiam·
1205 2729 1263 2790 te-

230 3069 269 3139 (ι)
286 3065 466 3123 C‘est-Adire
479 3064 586 3137 d'apres
598 3063 624 3119 le
643 3073 716 3119 texte
734 3065 875 3119 anterieur
893 3067 909 3117 A
927 3063 1067 3137 Origene,
1082 3073 1111 3118 et
1127 3062 1200 3119 celui
1211 3065 1262 3140 qui

195 3159 266 3213 avait
278 3160 322 3212 dte
334 3156 443 3227 corrige
455 3173 505 3228 par
517 3154 567 3209 lui.
586 3152 634 3209 On
647 3152 767 3227 appelait
780 3154 806 3209 le
823 3155 944 3228 premier
957 3177 963 3208 :
979 3153 1062 3209 editio
1078 3155 1220 3227 vulgaris,
1231 3165 1262 3211 et

195 3249 222 3303 le
234 3245 336 3303 second
351 3270 356 3300 :
372 3245 455 3299 editio
467 3244 639 3318 liexaploris.

232 3341 269 3410 (a)
280 3339 333 3394 Cet
347 3339 510 3391 discernent
524 3344 566 3389 est
586 3333 625 3388 du
641 3335 712 3389 mois
731 3333 766 3388 de
783 3333 939 3407 septembre
955 3333 990 3389 de
1005 3334 1059 3389 l’an
1071 3331 1105 3409 37
1117 3334 1152 3390 de
1164 3336 1260 3392 lesus·

196 3427 305 3493 Christ,
317 3425 431 3480 environ
445 3424 485 3478 six
499 3425 570 3477 mois
583 3432 663 3477 avant
676 3422 703 3477 la
715 3432 790 3477 mort
800 3420 835 3476 de
848 3422 960 3478 Tibere.

232 3514 270 3587 (3)
292 3515 380 3586 (Mars
406 3510 490 3588 37-24
500 3512 608 3583 janvier
635 3515 689 3581 41).
712 3510 837 3583 Caligula
864 3530 899 3566 ne
924 3510 1016 3565 donna
1041 3528 1089 3584 pas
1110 3513 1126 3565 i
1147 3510 1261 3568 lle'rode

197 3605 321 3678 Agrippa
337 3602 364 3656 la
382 3599 482 3668 lodie,
501 3619 608 3656 comme
625 3611 705 3655 notre
717 3608 816 3654 auteur
828 3597 854 3652 le
870 3598 913 3653 dit
925 3598 1032 3672 d’apres
1049 3598 1138 3668 Bede,
1154 3598 1261 3656 maisla

198 3694 316 3747 Βιῐιιιέε
325 3701 354 3745 et
361 3690 388 3744 la
397 3691 575 3746 Trachonite.
589 3689 628 3745 Ce
637 3689 681 3744 lut
690 3687 795 3744 Claude
806 3689 854 3762 qui
864 3707 882 3761 y
889 3688 994 3761 joignit
1002 3707 1038 3743 en
1051 3691 1081 3754 4ι
1095 3687 1121 3742 la
1132 3687 1221 3744 Judde
1231 3699 1262 3746 et

198 3782 330 3840 Samarie.
345 3783 382 3834 La
400 3792 474 3836 mort
486 3780 521 3836 de
533 3799 565 3835 ce
582 3780 623 3834 roi
638 3781 726 3834 arriva
740 3798 776 3833 en
789 3783 831 3845 44.
845 3779 933 3833 Notre
948 3790 1046 3834 auteur
1061 3798 1096 3834 en
1113 3799 1128 3834 a
1145 3781 1203 3852 pris
1221 3780 1261 3837 les

198 3874 398 3928 circonstaoces
413 3870 481 3925 dans
502 3870 630 3942 losephe.
646 3870 771 3942 Agrippa
781 3870 809 3924 II
823 3869 866 3923 n’a
876 3869 974 3940 jainais
992 3869 1107 3942 posse'de
1120 3869 1144 3924 la
1155 3869 1258 3940 tuder,

198 3963 266 4018 mais
279 3961 397 4017 d'autres
410 3979 488 4035 pays,
502 3960 606 4016 avecta
620 3959 704 4032 garde
720 3958 759 4013 du
779 3958 895 4032 Temple
912 3970 940 4015 et
956 3959 981 4013 le
997 3959 1073 4014 droit
1085 3959 1120 4015 de
1132 3978 1261 4016 nominer

197 4051 223 4108 le
236 4050 439 4126 grand-pretre.
453 4049 526 4104 C'est
543 4068 578 4103 en
596 4048 649 4103 l'an
670 4045 706 4122 39
723 4047 882 4121 qu’lle'rode
899 4049 1016 4121 Antipas
1032 4049 1076 4103 lut
1090 4049 1175 4104 banni
1196 4066 1260 4106 arec

199 4139 356 4198 Herodiade
365 4143 381 4195 t
390 4140 479 4210 Lyca,
493 4137 558 4193 d’ou
570 4138 603 4194 ils
615 4137 766 4211 paraisseut
777 4138 853 4194 avoir
865 4140 909 4195 ete
919 4139 1067 4196 caussae
1075 4156 1111 4194 eu
1122 4140 1258 4214 Espague.
