2894 4958
192 413 253 473 296
467 410 650 472 HISTORIA
672 410 978 486 Eccttsttsrlcl.

190 556 289 606 neno
305 532 440 603 mortui
458 531 630 605 divinitus
640 534 904 639 excitarentur,
923 547 962 608 et
976 534 1148 634 promisit
1163 536 1264 636 quod·

191 649 241 720 sic
263 645 309 719 ab
330 647 431 723 omni
448 647 630 722 dubietate
654 676 718 725 cor
741 650 1266 754 ejus'emundaretnr.·Popnli·

190 781 311 838 autem
337 764 569 865 insurgebant
597 767 633 840 in
659 768 782 858 illum,
809 767 1027 852 dicentesse
1049 769 1259 845 incensurus

190 884 308 983 ipsum
314 937 326 973 ,
347 883 527 984 ipsiusque
539 884 710 974 domum,
725 885 755 957 si
772 911 877 958 susus
892 884 1006 959 fiterit
1023 885 1121 959 ultra
1134 912 1259 963 venre

190 1000 254 1073 Dei
272 999 488 1099 apostolum.
506 985 662 1074 loannes
678 1027 784 1089 vero,
811 1010 853 1073 nt
875 1003 1266 1078 acerrimamssditia:

189 1142 273 1189 nem
292 1117 388 1189 inter
403 1115 588 1191 credentes
606 1134 643 1192 et
661 1116 864 1193 incredulos
880 1117 969 1192 oriri
987 1121 1193 1218 perspexit,
1211 1120 1261 1192 si·

190 1234 343 1307 lentium
359 1234 483 1332 petiit,
502 1250 539 1307 et
556 1234 695 1307 cunctis
716 1233 944 1308 audientibus
964 1235 1010 1307 sit
1039 1265 1048 1306 s
1072 1236 1260 1309 Patientia

181 1353 309 1453 prima
335 1368 388 1424 est
412 1354 528 1425 virtus
557 1378 668 1452 quam
687 1353 735 1425 de
754 1351 889 1427 divinis
907 1351 1103 1426 uirtutibus
1123 1351 1261 1427 incitari

188 1467 371 1540 debemus.
394 1467 517 1559 Unde,
532 1469 567 1540 si
578 1467 703 1541 adbuc
716 1469 965 1542 Aristodimus
979 1468 1028 1540 ab
1043 1468 1258 1570 infidelitate

188 1611 268 1656 sua·
281 1600 436 1674 tenetur,
461 1584 644 1657 solvamus
666 1583 782 1658 nodos
806 1584 1034 1678 iryidelitatis
1054 1587 1153 1686 ejus.
1176 1585 1266 1659 Non·

189 1703 283 1774 enim
308 1701 457 1775 cessabo
482 1701 530 1775 ab
551 1701 622 1775 boc
643 1729 771 1804 opere,
799 1729 986 1802 quousque
1011 1702 1160 1775 medela
1183 1705 1263 1804 ejus?

182 1822 301 1922 possit
326 1819 536 1893 vulneribus
557 1823 760 1922 provenire.
791 1820 940 1922 Oportet
963 1848 1021 1894 me
1037 1822 1158 1922 periti
1175 1846 1263 1921 pers

186 1938 428 2010 seuerantiarn
445 1936 581 2010 medici
599 1936 750 2027 babere,
773 1938 840 2035 qui
859 1939 997 2010 varias>
1013 1935 1180 2010 medelas
1197 1937 1256 2008 in-

187 2069 325 2125 stanter
335 2078 435 2150 agro
448 2054 587 2152 satagit
602 2051 787 2125 adbibere.
805 2052 872 2126 Sic
888 2053 1060 2124 nimirum
1074 2050 1165 2125 huic
1176 2051 1255 2125 lan-

184 2169 328 2269 guido,·
339 2175 374 2244 si
390 2169 516 2243 adbuc
538 2187 686 2243 curatus
703 2186 852 2254 nonest
872 2168 921 2242 de
942 2196 985 2243 eo
1003 2163 1273 2269 quodfactun

189 2305 262 2377 est,
277 2286 475 2383 faciamus
505 2286 614 2361 aliud
640 2285 742 2386 quod
755 2286 910 2383 factum
935 2313 1009 2360 non
1032 2302 1099 2358 est.
1127 2283 1260 2360 Deinde:

112 2463 114 2468 .
188 2402 453 2475 Aristodimum
475 2401 519 2476 ad
542 2429 579 2477 se
599 2403 834 2492 convocavit,
855 2404 1089 2504 tunicamque
1109 2400 1253 2476 suemsi

187 2515 299 2590 dedit.
326 2517 405 2615 lpse
432 2543 519 2592 vero
544 2519 695 2591 amictus
720 2518 831 2616 pallio
856 2519 976 2607 stetit,
1004 2518 1112 2617 eique
1135 2515 1254 2618 praei·

188 2633 290 2732 piens
306 2632 399 2704 dixit
418 2663 427 2705 :
451 2634 579 2724 Vade,
604 2651 638 2707 ct
657 2640 755 2708 mitte
771 2660 883 2737 super
900 2632 1157 2734 defunctorum
1176 2659 1254 2708 cor-

183 2777 305 2851 pora,
324 2767 358 2822 et
376 2750 476 2823 dices
494 2753 547 2823 ita
563 2779 572 2823 :
591 2751 754 2825 Ioannes
771 2751 961 2853 apostolus
975 2751 1135 2824 Domini
1148 2752 1257 2825 nostri

189 2869 278 2941 Jesu
299 2867 436 2946 Christi
449 2870 547 2939 misit
563 2894 619 2940 me
637 2867 693 2941 ad
706 2894 793 2956 uos,
815 2886 855 2942 ut
871 2870 910 2940 in
930 2869 1010 2968 ejus
1026 2869 1177 2941 nominc
1192 2894 1263 2940 cab·

189 2986 373 3083 surgatis,
408 3000 444 3056 et
471 2999 696 3083 cognoscant
721 3011 846 3058 omnes
874 2987 964 3084 quia
993 3010 1091 3056 mors
1121 3000 1158 3056 et
1183 2985 1259 3057 uita

176 3098 418 3200 famulantur
439 3101 600 3174 Domino
622 3128 701 3174 meo
721 3102 810 3175 Jesu
831 3100 986 3173 Christo.
1012 3101 1187 3173 Protinus
1203 3099 1259 3172 ille

191 3242 273 3287 cum
293 3216 398 3314 jussis
424 3213 726 3313 obtemperasset,
756 3231 794 3288 et
823 3214 1000 3288 redivivos
1030 3231 1261 3315 exsurgentes

189 3333 351 3419 vidisset,
371 3336 574 3432 apostolum
591 3333 741 3407 adorans
763 3332 914 3407 festinus
937 3331 981 3404 ud
1006 3332 1260 3431 proconsulem

190 3451 368 3551 perrexit,
388 3465 424 3524 et
436 3448 612 3522 mirabilia
627 3476 710 3549 quae
728 3448 885 3536 viderat,
907 3473 993 3521 voce
1009 3473 1141 3548 magna
1160 3449 1265 3523 voci-2

189 3569 361 3656 serundo,
382 3568 552 3642 narravit.
573 3567 709 3641 Deinde
728 3563 869 3641 salubre
888 3565 1080 3639 consilium
1098 3565 1258 3654 invenit,

191 3703 228 3761 et
252 3687 460 3786 proconsuli
489 3686 618 3758 dixit:
649 3686 818 3773 Eamus,
850 3699 884 3755 et
911 3682 1078 3757 advoluti
1104 3683 1269 3783 genibus

192 3802 353 3902 apostoli
380 3803 528 3873 ueniam
551 3800 791 3901 postulemus.
827 3800 933 3871 Tunc
960 3795 1068 3870 simul
1096 3796 1142 3869 ad
1172 3823 1260 3896 apo-

192 3917 325 3988 stolum
345 3930 543 4003 venerunt,
566 3930 603 3988 et
623 3929 891 4013 prosternentes
914 3938 969 3999 se,
999 3910 1259 4010 indulgentiam

193 4032 454 4131 flagitaverunt.
471 4031 569 4124 Quos
584 4030 642 4103 ille
654 4029 860 4129 benigniter
870 4028 1042 4126 suscepit,
1056 4029 1256 4102 orationem

193 4152 268 4223 Deo
286 4174 369 4221 cum
382 4147 577 4246 gratiarum
592 4149 732 4221 actione
746 4144 900 4236 obtulit,
921 4146 1042 4244 eisque
1056 4146 1165 4221 unius
1178 4144 1257 4223 heb
