2894 4958
372 507 377 518 ι
540 423 658 486 nrm
677 422 889 487 sscuurns.
1190 426 1250 490 ass

183 541 375 620 lotharius
388 543 568 643 Augustus
584 543 810 643 Drogonam,
826 539 1134 642 ambiepisoopum
1148 543 1251 617 Met—

182 677 337 751 ¹tensam,
349 676 387 735 et
396 659 620 735 Ludovicum
631 658 748 734 filium
756 685 878 750 mum,
890 685 974 733 cum
982 660 1108 733 multis
1116 662 1252 762 epiaoo·

185 779 241 878 pis
262 793 299 851 et
320 774 510 851 abbatibus
532 791 639 877 atque
661 774 855 851 oomitibus
872 777 1025 851 Romam
1046 777 1159 851 misit.
1175 775 1251 872 Qui

185 895 317 969 multas
336 909 469 996 strages
488 919 553 995 por
568 892 676 968 urbes
695 910 733 969 et
748 920 852 994 agros
874 894 912 967 in
931 894 987 967 ria
1007 894 1190 984 fecerunt,
1212 907 1251 968 et

185 1010 368 1113 indigenas
384 1010 534 1084 colonos
550 1010 737 1111 tyrannica
753 1011 964 1085 crudelitate
978 1010 1191 1110 perterritos
1207 1007 1253 1082 ad
1400 1076 1403 1082 ⁴

185 1125 338 1202 latebras
351 1127 545 1226 confugere
560 1143 767 1229 coegerunt.
785 1127 947 1221 Quadam
963 1128 1083 1230 itaque
1098 1127 1157 1202 die
1173 1143 1251 1200 atra

184 1245 338 1318 densitas
354 1241 508 1316 nubium
520 1243 613 1317 facta
626 1261 699 1332 ost,
718 1259 755 1318 et
768 1243 917 1344 quidam
929 1245 1099 1344 primatos
1112 1246 1252 1345 Drogo·

185 1362 242 1470 nis
250 1361 403 1435 fulmine
411 1362 565 1460 percussi
576 1361 777 1461 perierunt.
790 1361 991 1436 Ludovicus
1001 1389 1089 1437 vero
1098 1363 1252 1438 Romam

185 1478 307 1567 venit,
336 1492 373 1552 et
400 1478 543 1578 Sergius
576 1504 665 1578 papa
699 1477 782 1554 oleo
810 1492 935 1553 sancto
965 1505 1050 1555 eum
1080 1479 1253 1581 perunxit

184 1610 364 1698 stragem
387 1593 707 1697 Langobardorum
731 1598 964 1672 consecrarit.
992 1599 1136 1701 Sergius
1162 1624 1252 1700 papa
1282 1622 1285 1631 ·

185 1737 278 1786 xxnr
296 1714 482 1814 episcopos
501 1713 700 1803 ordinavit,
719 1712 876 1787 abbatias
892 1714 1013 1813 plures
1031 1733 1068 1789 et
1090 1714 1254 1791 ecclesias

186 1827 361 1903 condidit.
380 1829 436 1904 Ad
450 1828 596 1904 beatum
611 1835 758 1904 Petrum
778 1829 985 1930 apostolum
1000 1831 1159 1931 sepultus
1175 1842 1250 1920 est,

185 1959 224 2018 et
239 1945 385 2020 cessarit
402 1946 625 2047 episcopatus
639 1944 822 2021 mensibus
839 1971 866 2021 ιι
879 1945 1004 2022 diebus
1019 1949 1093 2047 xv(
1117 1949 1144 2044 ).

234 2064 309 2138 Leo
330 2063 535 2158 Romanus,
552 2088 598 2138 ex
613 2078 715 2165 patro
735 2062 938 2153 Radualdo,
957 2064 1048 2140 sedit
1063 2064 1167 2138 annis
1183 2084 1252 2138 vm

186 2179 369 2254 mensibus
387 2206 428 2255 ιιι
443 2180 570 2255 diebus
584 2206 636 2256 vr.
658 2183 725 2255 Hic
747 2181 1072 2258 innumerabilibus
1087 2181 1196 2258 bonis
1211 2196 1254 2255 ut

185 2296 240 2370 sol
264 2298 302 2370 in
318 2298 457 2372 mundo
476 2298 642 2388 emicuit,
664 2314 702 2373 et
721 2299 758 2372 in
779 2298 939 2373 aedificiis
957 2314 996 2374 et
1012 2298 1253 2387 ornamentis,

185 2413 336 2514 aliisque
350 2413 500 2488 utilibus
512 2412 639 2488 studiis
651 2413 821 2489 Ecolosioe
830 2416 897 2490 Dei
910 2413 1160 2516 multipliciter
1168 2436 1255 2514 pro·

185 2529 271 2604 fuit.
294 2533 379 2605 Post
397 2547 553 2607 mortem
565 2532 678 2634 Sergii
697 2557 818 2634 papoe,
834 2558 921 2609 mox
934 2533 1119 2608 sarraceni
1136 2530 1256 2606 basili·

187 2674 244 2720 cas
267 2649 515 2748 apostolorum
536 2649 634 2723 Petri
656 2665 693 2724 et
716 2649 815 2724 Pauli
838 2650 1034 2751 depraedati
1060 2664 1158 2724 sunt.
1185 2649 1255 2725 Sed

186 2763 274 2836 dum
292 2763 335 2836 ad
356 2762 515 2836 Africam
540 2764 683 2866 navigio
705 2764 822 2840 rodire
844 2766 997 2852 vellent,
1021 2763 1190 2866 procellis
1214 2764 1252 2836 in

187 2879 278 2952 mari
295 2878 494 2979 perierunt.
511 2878 617 2952 Tunc
629 2894 736 2955 tesroe
748 2895 868 2954 motus
883 2880 922 2954 in
939 2878 1031 2954 urbe
1043 2881 1159 2955 Roma
1175 2876 1256 2954 taba

186 2993 302 3068 faetus
326 3011 401 3085 est,
426 3009 468 3068 ut
489 2995 612 3070 omnia
635 2996 811 3073 elementa
834 3022 1005 3072 conctusa
1028 2997 1253 3072 riderentur.

187 3114 359 3214 beopapa
371 3112 677 3214 probibuitlaioos
687 3114 731 3188 ad
741 3115 864 3190 missas
874 3116 913 3189 in
925 3113 1153 3218 presbyterio
1165 3138 1252 3188 esse.
1273 3104 1279 3127 ”

187 3230 230 3303 ln
247 3231 368 3330 primo
387 3246 535 3331 papatus
558 3232 611 3305 sui
628 3258 726 3308 anno
741 3230 946 3308 basiliscum
963 3232 1101 3307 meritis
1118 3247 1155 3307 et
1168 3257 1256 3332 pre-

186 3346 289 3423 cibus
299 3348 373 3422 suis
384 3347 570 3450 effirgavit,
586 3349 649 3451 qui
664 3349 701 3422 in
716 3350 818 3426 tetris
830 3351 990 3426 caverrris
1002 3350 1128 3425 Romae
1142 3349 1256 3422 latens

187 3446 277 3537 Mb
298 3489 364 3538 suo
388 3465 523 3541 multos
542 3465 755 3566 perimebat.
778 3466 947 3541 Validam
967 3491 1113 3568 quoque
1133 3467 1256 3566 ignem

221 3828 262 3900 (ι)
279 3829 400 3899 (Janvier
410 3847 449 3885 oo
461 3829 561 3887 ferrico
573 3830 675 3907 844-27
683 3831 791 3903 janvier
802 3831 877 3908 847.)
889 3830 1036 3886 L’eleotion
1046 3829 1081 3885 de
1097 3829 1211 3906 Sergius
1227 3829 1256 3885 n
1274 3877 1275 3881 ,

187 3917 284 3973 n’etait
296 3936 344 3992 pas
356 3937 457 3976 enoore
466 3923 656 3990 consommoe,
666 3919 782 3996 loroque
792 3920 818 3976 le
830 3919 924 3977 diacre
935 3922 1004 3976 Jean
1015 3919 1128 3974 errabit
1137 3919 1163 3974 le
1172 3918 1258 3993 paleis

187 4006 485 4081 papa1.L0ui211,fi1s
502 4008 538 4066 de
554 4010 699 4079 lothaire,
718 4011 807 4066 amira
823 4011 839 4064 a
857 4009 946 4065 Rome
957 4008 984 4064 le
996 4007 1146 4065 dimanche
1158 4008 1176 4066 8
1189 4009 1255 4110 juin

187 4095 256 4163 844,
269 4105 299 4150 et
315 4096 359 4151 fut
373 4100 516 4155 oona-orne
530 4116 581 4172 par
596 4098 725 4175 Sergius,
740 4096 767 4154 le
783 4096 813 4154 ι5
826 4097 865 4155 du
879 4098 970 4155 mame
982 4098 1067 4166 mois,
1085 4114 1194 4154 oomnm
1211 4114 1254 4152 ror

187 4183 223 4240 de
235 4185 409 4243 lombardie.
