2894 4958
540 433 657 495 LIBER
675 431 883 494 SECUNDUS.
1179 435 1239 495 389

185 557 281 629 intra
298 555 475 628 actionem
492 555 529 627 in
546 556 682 655 populo
699 553 877 656 hymnum
894 553 1101 654 angelorum
1120 571 1156 626 et
1173 552 1240 629 ho·

183 673 327 745 minum
343 671 506 744 decantet
527 703 536 744 ε
563 673 740 762 Sanctus,
761 689 926 761 sanctas,
945 688 1092 744 sanctas
1111 671 1241 745 Domi-

184 814 254 859 nus
267 786 367 859 Deus
377 785 551 859 Sabaoth.
567 786 679 859 Pleni
689 802 772 859 sant
784 786 868 859 coeli
878 804 912 858 et
925 803 1019 858 terra
1025 786 1149 886 gloria
1159 803 1239 873 tuo,-

183 903 350 978 hosanna
372 906 410 976 in
431 905 595 977 excelsis.
614 904 833 977 Benedictus
849 906 915 1004 qai
931 905 1084 976 venitin
1099 905 1243 976 nomine

185 1022 338 1094 Domini
344 1055 361 1107 ;
378 1021 544 1095 hosanna
561 1022 599 1093 in
614 1021 779 1094 arechis.
793 1018 1016 1094 Accusatoris
1031 1019 1151 1119 primo
1164 1045 1244 1119 per-

185 1163 289 1225 sona,
310 1136 414 1225 fides,
438 1138 510 1209 vita
535 1151 572 1210 et
592 1142 814 1210 conversatio
839 1135 1051 1209 enucleatim
1076 1161 1244 1234 perscru-

185 1267 296 1326 tetur.
316 1251 591 1326 hccusatoribus
611 1254 729 1340 enim,
753 1254 815 1353 qui
832 1253 991 1325 veritatis
1011 1250 1119 1326 fidem
1137 1253 1244 1352 igno-

184 1381 289 1455 rant,
314 1393 379 1439 nec
401 1381 510 1440 rectae
533 1367 813 1440 conversationis
832 1367 940 1438 vitam
963 1365 1162 1454 deducunt,
1183 1392 1244 1439 seu

184 1480 249 1582 qui
266 1481 311 1556 de
326 1482 556 1556 inimicorum
570 1481 680 1556 domo
693 1498 841 1571 exeunt,
858 1481 1075 1556 credendum
1087 1507 1163 1556 non
1177 1499 1242 1556 est.

160 1595 349 1696 ·l)enique
373 1598 480 1670 nonis
505 1596 627 1696 aprilis
656 1597 906 1696 martyrizatus
936 1612 1009 1689 est,
1039 1613 1076 1670 et
1103 1598 1248 1670 cessavit

185 1713 409 1812 episcopatus
426 1709 551 1786 diebus
568 1737 633 1786 xiv
651 1715 667 1812 (
692 1714 722 1811 )

236 1828 475 1929 Telesphorus
500 1827 647 1903 Graecus
679 1830 771 1904 sedit
799 1831 902 1903 annis
928 1855 967 1902 ιιι
999 1830 1181 1904 mensibus
1206 1855 1246 1902 ιιι

185 1945 311 2020 diebus
328 1973 409 2035 xx1,
434 1964 596 2046 tempore
616 1947 794 2021 Antonini
809 1964 846 2021 et
861 1948 986 2020 Marci.
1006 1949 1073 2020 Hic
1089 1947 1248 2021 decrevit

185 2078 229 2134 ut
245 2077 378 2160 septem
397 2059 626 2135 hebdomadis
638 2063 816 2161 jejunium
839 2080 922 2137 ante
942 2062 1069 2136 Pascha
1090 2062 1249 2137 celebre·

186 2191 261 2264 tur,
278 2178 316 2249 in
330 2177 445 2251 natale
459 2177 603 2251 Domini
618 2193 731 2252 noctu
742 2180 845 2251 missa
858 2194 1020 2267 canatur,
1035 2179 1073 2252 in
1087 2180 1247 2280 ingressu

186 2293 347 2366 sacrificii
363 2292 519 2394 hymnus
532 2294 759 2395 angelorum,
777 2294 813 2367 id
827 2309 880 2369 est
895 2295 1026 2369 Gloria
1040 2298 1079 2367 in
1094 2295 1247 2368 excelsis

185 2412 285 2497 Deo,
295 2409 447 2482 dicatur.
462 2410 623 2484 Tandem
635 2411 885 2512 martyrizatus
898 2426 951 2485 est
962 2412 1069 2488 nonis
1078 2411 1247 2510 januarii,

186 2542 222 2600 et
240 2527 386 2599 cessavit
402 2528 625 2625 episcopatus
640 2523 767 2601 diebus
781 2552 833 2600 vn
853 2530 869 2626 (
894 2528 920 2625 )

234 2645 398 2743 Hyginus
411 2642 658 2734 Atheniensis,
677 2671 719 2718 er
731 2642 967 2744 philosopho,
988 2646 1078 2719 sedit
1095 2647 1198 2718 annis
1212 2671 1248 2719 ιι

186 2758 368 2834 mensibus
391 2786 433 2833 111
457 2760 581 2834 diebus
602 2786 660 2849 ιι,
684 2777 848 2860 tempore
867 2761 952 2837 Veri
976 2776 1012 2834 et
1031 2762 1160 2834 Marci.
1180 2762 1247 2833 Hic

185 2877 360 2949 nimirum
383 2880 501 2951 sanxit
528 2893 571 2949 ut
594 2879 894 2978 metropolitanus
923 2877 1055 2979 absque
1084 2860 1249 2952 omnium

185 2995 461 3093 provincialium
486 2996 735 3095 episcoporum
754 2995 943 3094 praesentia
960 3021 1079 3067 musas
1095 2995 1248 3069 aliorum

187 3135 263 3181 non
279 3109 410 3183 audiat.
433 3112 629 3211 Episcopus
645 3126 765 3186 autem
781 3109 913 3210 absque
929 3110 1066 3185 clericis
1079 3112 1150 3184 suis
1168 3112 1249 3184 nui-

218 3378 259 3450 (ι)
278 3380 429 3454 (rip-127.)
445 3379 536 3434 mame
549 3377 731 3435 observation.
747 3378 785 3433 La
797 3378 895 3450 region
910 3377 965 3432 Via
977 3377 1052 3431 bata
1064 3379 1132 3433 htait
1143 3376 1170 3431 la
1186 3395 1248 3450 sep-

185 3467 269 3522 tieme
280 3466 349 3522 dela
360 3467 478 3524 division
487 3468 655 3543 d'Auguste‚
671 3468 759 3523 situee
773 3484 809 3522 au
818 3467 909 3522 levant
920 3466 960 3522 da
969 3467 1229 3541 Champ-de-Mars.

219 3556 260 3627 (a)
277 3555 345 3624 (Fin
363 3555 397 3611 de
417 3573 497 3631 ray-a
513 3556 619 3628 janvier
638 3553 710 3631 139.)
724 3555 810 3611 Notae
826 3565 925 3611 auteur
942 3567 1062 3612 commet
1075 3575 1130 3612 une
1147 3556 1247 3613 double

184 3661 283 3698 erreur
295 3642 362 3697 dans
374 3662 405 3698 ce
418 3645 606 3718 paragraphe‚
620 3663 655 3699 en
668 3644 768 3699 faisant
779 3645 865 3699 darer
871 3645 1001 3719 jmqu'au
1010 3647 1096 3719 regne
1108 3646 1144 3703 de
1156 3647 1248 3702 Marc·

185 3733 288 3788 burele
299 3731 325 3787 ie
337 3733 479 3806 pontificat
492 3733 526 3789 de
539 3733 610 3790 saint
622 3733 805 3806 Telesphoro,
820 3733 869 3808 qui
882 3752 916 3788 ne
930 3733 1042 3807 depassa
1055 3735 1170 3808 pointla
1182 3754 1247 3809 pre·

185 3819 273 3876 miire
283 3825 370 3876 mate
380 3821 532 3878 d'Antonin
546 3822 612 3892 Pie,
625 3834 654 3878 et
668 3841 703 3878 en
715 3823 870 3878 attribuant
881 3827 896 3879 a
909 3842 941 3879 ce
952 3842 1023 3898 pape
1038 3823 1247 3882 l‘introduction

185 3907 221 3963 de
231 3908 259 3963 la
277 3911 409 3983 septieme
425 3913 545 3967 semaiae
563 3910 603 3966 da
618 3912 749 3981 Carinae,
764 3913 813 3987 qui
826 3912 890 3967 n’en
905 3912 1066 3970 renfermait
1080 3931 1180 3970 encore
1192 3934 1247 3990 que

185 3999 226 4053 six
236 3997 277 4051 du
285 4008 375 4073 temps
384 3997 420 4055 de
428 4001 500 4055 saint
510 4000 815 4076 Gregoire-ie·Graud.
828 4002 879 4056 Les
891 4012 985 4057 autres
996 4002 1169 4059 innovatione
1179 4004 1246 4079 qu'il

187 4085 227 4141 lai
241 4096 370 4161 rapporte
379 4107 414 4143 ne
424 4100 486 4145 sont
498 4108 546 4163 pas
556 4091 649 4146 mieax
657 4090 783 4159 [sudhem
797 4091 866 4146 mais
878 4090 995 4166 ilparait
1005 4111 1060 4167 que
1072 4094 1144 4150 saint
1152 4094 1237 4150 Telos

174 4171 276 4250 ,phora
290 4174 350 4232 doit
361 4176 419 4234 etro
430 4180 574 4238 maintenu
585 4199 620 4238 au
634 4199 702 4256 rung
715 4181 764 4238 des
777 4191 904 4253 martyra.
