2894 4958
186 391 247 450 288
463 386 648 450 HISTORIA
669 386 974 451 Ecctfflassscs.

187 507 299 582 baotlr
327 507 495 608 colligere
522 507 703 596 desidero;
734 536 817 610 qnae
842 510 1002 584 Mellitos
1029 513 1087 616 (r)
1114 513 1254 613 scripsit

188 623 418 713 Laodicenis,
444 624 592 725 aliisque
617 624 782 699 fidelibus
810 627 874 728 qui
905 629 1056 702 suntin
1089 630 1255 705 universo

187 740 347 831 mundo,
367 740 499 842 aliique
522 741 678 815 illustres
699 743 893 843 antiquarii
916 745 1200 846 promulgarunt
1214 745 1255 820 de

84 962 87 969 1
188 858 270 951 illo,
293 859 544 960 praecipueque
561 857 805 960 Hieronymus
822 858 955 935 divinae
972 862 1061 960 legis
1081 862 1254 963 interpres

185 978 403 1078 praenotavit
419 978 456 1050 in
475 977 709 1078 Apocalypsis
726 978 923 1077 prooemio.

234 1097 389 1170 loannes
401 1093 584 1194 apostolus
597 1111 634 1169 et
645 1095 869 1196 Evangelista
882 1090 986 1199 virgo
998 1112 1053 1171 est
1065 1122 1086 1170 a
1098 1097 1252 1171 Domino

186 1216 269 1288 Jesu
285 1213 429 1288 Christo
441 1214 594 1303 electus,
612 1230 720 1315 atque
734 1215 831 1288 inter
847 1230 997 1290 caeteros
1013 1217 1129 1317 magis
1144 1215 1252 1291 dilec-

187 1344 265 1419 tus,
289 1345 325 1403 et
343 1331 382 1401 in
402 1344 504 1403 tanto
521 1356 643 1404 amore
664 1328 869 1404 dilectionis
890 1330 936 1403 ab
953 1356 997 1405 eo
1016 1346 1073 1405 est
1090 1328 1250 1419 habitan,

186 1460 229 1517 ut
245 1445 283 1517 in
300 1470 404 1519 coena
422 1469 529 1544 super
550 1461 675 1544 pectus
692 1449 766 1544 ejus
787 1442 1034 1534 recumberet,
1054 1445 1157 1519 etad
1174 1472 1252 1520 cru·

188 1585 267 1634 cem
281 1561 411 1633 astanti
427 1559 494 1633 soli
515 1575 667 1635 matrem
686 1560 872 1661 propriam
888 1560 1195 1650 commendasse
1217 1576 1252 1633 ut

188 1702 298 1777 quem
316 1676 454 1751 nubere
469 1676 654 1752 volentem
676 1678 720 1751 ad
743 1678 949 1778 amplexum
965 1679 1188 1780 virginitatis
1205 1705 1251 1752 aa·

189 1796 322 1870 civerat
338 1796 410 1895 (a),
440 1795 504 1896 ipsi
527 1796 634 1870 etiam
657 1795 929 1871 custodiendam
950 1796 1132 1898 virginem
1150 1796 1252 1870 tradi·

187 1912 307 1988 disset.
337 1914 405 1987 llic
430 1914 551 2014 itaque
577 1939 660 1986 cum
686 1913 723 1986 in
750 1913 832 1987 Asia
849 1910 1002 1988 verbum
1024 1914 1091 1988 Dei
1106 1913 1252 2014 publice

44 2112 64 2153 .‘
187 2031 418 2131 praedicaret,
438 2045 475 2106 et
494 2031 741 2105 testimonium
757 2032 841 2105 Jesu
854 2029 987 2103 Christi
999 2030 1137 2104 Judaeis
1153 2048 1251 2131 atquc

187 2149 355 2249 gentibus
381 2148 557 2223 instanter
576 2149 780 2238 intimaret,
801 2147 976 2223 invidiosa
999 2149 1182 2225 relatione
1200 2147 1249 2223 sd·

188 2267 428 2341 versariorum
453 2267 614 2340 veritatis
637 2268 764 2340 Romae
788 2282 842 2340 est
863 2283 1067 2357 accusatos,
1088 2261 1251 2367 jussuque

189 2383 391 2457 Domitiani
409 2382 577 2471 Caesaris,
600 2383 663 2483 qui
685 2382 862 2457 sccundus
878 2400 962 2482 post
977 2381 1167 2457 Neronem
1178 2407 1252 2482 pen·

190 2498 412 2572 secutionem
428 2497 720 2572 Christianorum
736 2499 921 2592 exercuit,
943 2498 988 2573 de
1011 2497 1156 2598 Epheso
1178 2523 1251 2595 rap-

192 2629 268 2705 tus,
292 2631 330 2691 et
346 2643 468 2690 coram
487 2617 624 2691 Caesare
647 2633 755 2717 atque
774 2635 901 2691 senatu
923 2632 1008 2691 ante
1029 2631 1180 2717 portam
1195 2622 1251 2688 La·

191 2735 305 2808 tinam
331 2733 562 2807 constitutus.
590 2733 755 2833 Cumque
777 2734 983 2831 persisteret
1011 2733 1050 2806 in
1081 2759 1168 2806 vera
1194 2727 1250 2805 fide

674 2941 840 2952 ——-

189 3079 325 3137 habitude
342 3089 484 3135 constante
500 3078 566 3132 cher
583 3076 622 3132 les
636 3078 733 3133 Grecs.
748 3077 826 3132 Nous
842 3095 924 3133 avons
940 3096 975 3132 ru
991 3077 1063 3133 aussi
1078 3096 1130 3135 son
1143 3095 1251 3135 nomae

188 3171 342 3243 compagne
352 3166 535 3241 del’epithets
544 3171 705 3241 symmista:
714 3167 848 3236 comitis,
859 3170 1045 3242 emprunteel
1053 3169 1129 3225 saint
1135 3169 1252 3226 Clement

188 3259 393 3317 d’Alerandrie.

224 3354 263 3425 (r)
281 3351 319 3408 Le
332 3350 403 3406 recte
421 3367 477 3423 quc
495 3348 550 3404 l‘on
567 3365 600 3402 va
615 3346 667 3402 lire
685 3358 728 3402 est
747 3365 783 3402 en
800 3346 865 3403 ellat
883 3348 984 3403 extrait
1001 3366 1067 3403 arec
1085 3365 1144 3403 nne
1161 3345 1252 3423 grande

188 3439 360 3508 emetitude,
373 3449 403 3494 et
415 3437 442 3493 le
459 3436 520 3511 plus
540 3447 656 3492 souvent
673 3436 885 3504 litteralement,
905 3436 940 3493 de
954 3436 1092 3493 l'histoirc
1104 3435 1253 3512 apocryplte

190 3532 226 3587 de
239 3532 403 3596 asiaticam,
418 3528 555 3584 attribues
570 3530 637 3582 aun
649 3527 788 3600 pretendu
800 3526 936 3595 Mellitos,
951 3526 1055 3600 eaeque
1069 3527 1105 3584 de
1119 3526 1252 3584 laodices·

190 3622 295 3677 Mettio
304 3618 488 3676 Laodicensr's
500 3620 622 3690 episcopi
636 3620 731 3690 passio
743 3620 836 3672 sancti
846 3618 965 3673 loannes
978 3619 1175 3691 evangelista,
1188 3611 1255 3689 apud

192 3710 358 3764 Florentinir'
379 3709 517 3763 vetustius
540 3706 720 3763 occidentalis
741 3708 864 3762 ecclesiae
890 3708 1136 3780 martyrologium.
1160 3709 1251 3771 Luca,

194 3798 270 3854 1668.
285 3798 378 3872 Voyez
392 3796 418 3852 le
428 3796 530 3852 recueil
546 3796 581 3851 de
597 3795 799 3864 florentinius,
811 3798 850 3851 οὐ
864 3806 937 3851 cette
946 3794 1064 3869 legende
1078 3795 1253 3870 apocryphas

192 3890 236 3942 ete
247 3889 367 3955 interce,
382 3906 451 3961 page
468 3884 516 3941 130
526 3896 554 3940 et
565 3885 710 3940 suivantes.

226 3977 265 4046 (a)
283 3976 336 4031 Ces
348 3985 420 4029 mots
431 3974 491 4030 sont
502 3972 714 4047 probablement
721 3973 839 4028 allusion
851 3972 996 4047 r'rquelquc
1005 3972 1142 4029 tradition
1153 3993 1200 4029 sur
1208 3987 1253 4026 nne

193 4063 302 4118 volonte
314 4062 349 4117 de
362 4065 483 4135 mariage
493 4064 633 4135 exprimes
643 4082 693 4135 par
706 4064 777 4118 saint
789 4064 871 4130 lesu,
885 4065 933 4136 qui
949 4081 985 4118 ne
995 4080 1056 4118 sera
1066 4081 1117 4136 pas
1126 4077 1253 4142 perrenae

189 4152 299 4226 jusqu’lr
312 4168 390 4205 nous.
