2894 4958
536 415 653 477 LIBER
673 416 883 479 SECUNDUS.
1189 420 1248 482 423

182 537 274 612 urbe
291 536 369 609 talis
384 534 477 608 faeta
492 552 566 623 est,
585 537 751 610 uterium
764 537 933 611 mulieres
948 552 1052 610 natos
1073 565 1155 612 suos
1174 541 1250 614 vel-

185 655 262 730 lent
277 653 475 728 comedere.
491 654 658 741 Tandem
669 654 787 727 Totila
801 654 930 728 urbem
944 654 1112 744 intravit,
1132 672 1168 729 et
1185 681 1251 755 po-

185 770 274 873 pulo
297 799 364 871 per
385 770 546 845 ecclesias
569 769 817 860 delitescente,
843 769 1050 872 aliquandiu
1073 769 1248 846 obtinuit.

187 891 292 961 Tunc
308 889 439 963 Narses
457 885 639 962 eunuchus
655 904 692 960 et
716 886 955 962 cubicularius
973 886 1018 960 ab
1034 889 1196 989 Augusto
1212 891 1252 962 in

186 1006 326 1078 ltaliam
340 1006 467 1079 missus
484 1020 556 1090 est,
575 1020 611 1079 et
626 1022 815 1105 perempto
829 1007 949 1079 Totila
965 1033 1049 1108 rege
1061 1033 1144 1079 cum
1155 1032 1253 1081 exer-

188 1123 263 1194 citu
284 1146 370 1209 suo,
397 1120 586 1193 victoriam
609 1135 734 1192 nactus
760 1136 825 1194 est.
853 1119 960 1214 Quod
976 1121 1123 1195 audiens
1138 1123 1254 1195 lusti-

187 1235 316 1308 nianus
341 1235 537 1334 imperator
555 1233 749 1308 admodum
770 1235 963 1323 exultavit,
989 1252 1026 1309 et
1049 1235 1255 1337 petentibus

190 1352 361 1425 Romanis
374 1377 457 1424 cum
474 1350 638 1440 Narsete,
653 1350 827 1452 Vigilium
844 1371 972 1450 papam
983 1377 1066 1424 cum
1079 1352 1177 1426 clero
1190 1378 1255 1427 suo

189 1468 346 1556 remisit3
366 1466 426 1542 sed
443 1470 518 1567 ipse
533 1467 659 1544 dolore
676 1468 802 1542 calculi
820 1468 1003 1569 Syracusis
1019 1467 1124 1541 obiit.
1145 1470 1257 1542 Deni-

190 1612 261 1686 que
277 1587 333 1660 via
349 1587 480 1660 Salaria
496 1586 541 1659 ad
555 1603 720 1660 sanctum
735 1586 945 1660 Marcellum
962 1587 1121 1686 sepultus
1132 1602 1202 1675 est,
1221 1603 1257 1660 et

191 1705 338 1778 cessavit
349 1704 570 1805 episcopatus
583 1703 767 1779 mensibus
780 1729 820 1776 111
836 1702 961 1778 diebus
975 1730 1013 1778 v.
1033 1705 1100 1776 Hic
1119 1706 1259 1805 episco-

191 1845 257 1919 pos
282 1845 396 1893 cxxxi
412 1823 651 1910 consecravit,
675 1837 712 1896 et
735 1820 778 1894 ad
801 1820 1075 1921 gubernandum
1100 1821 1257 1910 clerum,

193 1951 355 2035 tempore
382 1964 456 2038 quo
486 1938 665 2026 exulavit,
692 1937 917 2037 Ampliatum
941 1937 1195 2039 presbyterum
1220 1963 1261 2010 ac

192 2052 459 2126 vicedominum
479 2080 603 2142 suum,
618 2070 655 2129 et
671 2054 906 2129 Valentinum
917 2055 1127 2155 episcopum
1141 2055 1186 2127 de
1200 2055 1261 2126 Si-

194 2169 273 2242 cilia
289 2171 472 2243 Lateranis
485 2170 700 2268 destinavit(
726 2173 753 2267 ).

230 2485 240 2553 l
245 2483 269 2554 ι)
288 2483 332 2552 (so
347 2481 411 2553 juin
423 2479 527 2537 538-10
537 2482 645 2553 janvier
658 2480 734 2552 555.)
746 2483 786 2537 Ge
802 2499 872 2556 pape
884 2483 956 2554 avait
972 2484 1016 2537 dte
1033 2483 1079 2538 dn
1095 2494 1124 2538 et
1138 2484 1267 2540 ordonne

196 2570 235 2625 du
247 2571 340 2624 vivant
353 2568 388 2624 de
403 2586 452 2624 son
465 2567 669 2641 predecesseur,
685 2569 753 2623 mais
766 2586 837 2623 nons
848 2586 884 2624 ne
897 2580 1043 2643 comptons
1056 2589 1106 2626 son
1122 2572 1266 2644 pontificat

196 2661 260 2735 qu'a
272 2661 361 2733 partir
372 2658 408 2715 de
423 2657 450 2713 la
463 2669 538 2714 mort
549 2657 585 2713 de
597 2657 711 2714 Silrere.
725 2657 849 2731 witiges
865 2657 908 2713 lut
921 2660 979 2732 pris
996 2669 1024 2713 et
1040 2663 1145 2733 envoy&
1160 2663 1176 2714 a
1189 2661 1265 2716 Con-

196 2747 363 2820 stantinople
376 2766 412 2802 en
429 2743 492 2814 540.
507 2747 662 2824 L'inrasion
674 2744 710 2800 de
723 2745 859 2820 l’Alrique
878 2765 929 2819 par
946 2746 1076 2803 Belisaire
1092 2758 1141 2803 eut
1157 2748 1215 2803 lieu
1230 2765 1268 2803 en

197 2835 266 2905 552,
285 2847 313 2890 et
325 2836 353 2892 la
371 2854 470 2911 guerre
488 2835 532 2891 fut
545 2837 681 2897 termines
693 2854 743 2909 par
760 2835 786 2889 la
804 2836 932 2908 captivite
946 2835 981 2890 dc
997 2835 1137 2906 Gelimer,
1158 2838 1200 2892 roi
1219 2837 1267 2894 des

198 2925 352 2993 Vandsles,
366 2943 401 2980 en
412 2923 474 2992 554.
488 2924 565 2980 Nous
582 2943 616 2979 ne
633 2942 729 2979 carons
746 2925 783 2977 ou
802 2934 882 2978 notre
899 2933 1030 2978 auteurs
1050 2942 1088 2998 pn
1104 2924 1225 2998 prendre
1243 2925 1270 2981 le
1392 2948 1393 2953 ¹

200 3033 267 3071 nom
278 3013 314 3070 de
326 3015 478 3082 Guittarit,
494 3024 523 3069 et
532 3012 559 3068 la
571 3014 758 3068 circonstance
770 3012 809 3067 dn
821 3023 944 3069 meurtre
956 3013 992 3068 de
1002 3033 1033 3071 ce
1045 3015 1141 3087 prince
1153 3034 1204 3088 par
1215 3016 1269 3070 Βέ-

200 3106 301 3162 lisaire.
314 3105 435 3163 Celsi-ci
447 3105 537 3161 revint
554 3103 700 3179 d'Alrique
715 3107 732 3158 ἐι
749 3103 839 3160 Rome
856 3122 892 3158 au
905 3115 1142 3160 commenoement
1158 3105 1193 3160 de
1205 3104 1269 3182 547,

201 3213 319 3270 presque
331 3195 567 3251 immediatemcn't
580 3196 660 3267 apres
671 3192 698 3249 le
709 3192 810 3267 pillage
824 3192 860 3247 de
877 3203 949 3249 cette
963 3192 1026 3248 ville
1042 3213 1092 3268 par
1101 3194 1203 3249 Totila.
1216 3194 1271 3252 Vi-

201 3284 258 3358 gile
272 3285 386 3339 arrival
398 3282 626 3356 Constantinople
635 3281 662 3337 le
673 3281 706 3342 25
714 3282 829 3354 janvier.
846 3283 923 3337 Nous
935 3283 1046 3338 n'avons
1057 3283 1138 3358 point
1146 3285 1273 3338 connais-

202 3393 283 3431 sance
301 3392 356 3449 que
373 3373 412 3430 les
429 3374 551 3428 mauvais
567 3373 739 3427 traitements
758 3374 868 3426 exerces
889 3382 985 3426 contre
1002 3371 1043 3426 lui
1061 3389 1096 3426 en
1112 3369 1162 3426 551
1183 3373 1274 3428 soient

202 3463 269 3519 alles
280 3463 394 3537 jusqu'a'
402 3462 428 3516 le
445 3461 598 3529 soullleter;
616 3462 651 3515 ils
665 3461 743 3515 n’ont
756 3462 836 3535 point
847 3479 883 3515 eu
900 3461 957 3515 lien
968 3479 1004 3515 en
1016 3462 1147 3533 presence
1161 3460 1195 3516 de
1208 3462 1273 3516 Jus-

203 3554 309 3620 tinien,
326 3553 355 3607 ni
373 3563 483 3607 surtout
499 3551 534 3607 de
550 3551 713 3618 Theodora,
728 3561 817 3605 morte
831 3549 880 3604 des
891 3547 952 3616 548.
966 3551 1024 3605 Per
1036 3550 1148 3605 diversa
1160 3550 1275 3605 metalla

204 3641 349 3714 dispersus
363 3651 417 3707 est,
437 3639 566 3712 signifie:
586 3638 744 3710 sutenvoye
762 3656 815 3692 aux
833 3648 945 3692 travaux
963 3637 1050 3693 forces
1070 3637 1139 3692 dans
1156 3636 1276 3693 diverses

205 3734 302 3794 mines.
323 3733 360 3787 La
376 3729 495 3787 seconde
507 3730 582 3804 prise
598 3729 634 3784 de
646 3728 735 3785 Rome
751 3747 801 3801 par
816 3728 909 3785 Totila
926 3728 1015 3784 arriva
1027 3747 1063 3783 en
1078 3727 1140 3803 549.
1156 3729 1193 3783 Le
1206 3746 1277 3802 pape

207 3820 303 3896 vigile
318 3823 460 3875 mournta
475 3820 608 3892 Syracuse
620 3817 647 3874 le
663 3836 694 3873 ιο
705 3820 813 3890 janvier
824 3815 891 3887 555,
905 3818 1029 3891 pendant
1045 3818 1113 3892 qu’il
1126 3820 1279 3875 revenaita

207 3913 311 3980 Rome,
326 3930 383 3965 non
395 3910 478 3965 surla
492 3907 627 3966 demands
639 3909 674 3964 de
683 3909 784 3965 Narsls
795 3911 824 3964 ni
836 3909 885 3965 des
894 3909 1041 3977 Romaim,
1052 3910 1121 3965 mais
1130 3927 1211 3984 parce
1220 3927 1276 3984 que

208 4021 251 4057 ses
268 4003 435 4057 discussions
452 4019 515 4055 avec
531 4000 696 4074 l'empereur
709 4018 756 4054 sur
770 4000 809 4054 les
824 4001 953 4055 matieres
969 4000 1004 4055 de
1020 4000 1057 4055 soi
1076 4020 1104 4055 se
1122 4003 1279 4056 trouraient

207 4093 368 4147 terminees.
387 4091 410 4144 ll
422 4091 465 4145 lut
476 4108 511 4144 en
527 4088 592 4145 effet
601 4092 712 4145 enterre
726 4091 789 4162 pres
801 4089 837 4144 de
850 4089 1061 4159 Saintmarcel,
1076 4090 1144 4146 dans
1154 4089 1179 4144 le
1193 4091 1278 4145 cirue-

209 4182 287 4237 tiers-
295 4181 330 4236 de
339 4180 478 4247 Priscille‚
493 4181 518 4233 le
531 4181 597 4253 long
611 4179 646 4235 de
658 4179 684 4234 ln
693 4181 753 4235 voie
764 4181 885 4236 Salaria.
