2894 4958
540 410 657 474 hlllER
675 412 887 478 SECUNDUS.
1190 419 1247 481 241

184 531 326 632 linguas
342 528 485 607 tribuit.
510 531 564 606 lbi
588 532 675 607 dum
691 534 819 607 Paulus
839 534 987 609 diuersis
1008 534 1145 610 morbis
1168 539 1249 612 lun-

140 685 150 703 ›
183 649 849 747 gueutescumretinnominellomini
861 651 958 742 Jesu,
971 667 1107 752 septem
1119 653 1248 744 Judaei,

185 765 310 838 scevae
325 765 499 865 principis
523 765 856 857 sacerdotum-filii,
885 768 1252 855 daemoniacomanus

187 881 378 983 imponere
404 900 732 983 presumpserunt,
765 887 995 983 conjurantes
1020 912 1086 985 per
1115 912 1250 961 nomeu

186 999 335 1074 Domini
350 1000 455 1095 lesu,
468 1024 577 1101 quem
593 999 810 1101 proedimhat
820 1001 961 1075 Paulus.
976 1002 1251 1094 Desmontem,

187 1140 255 1216 per
280 1114 464 1190 obsessum
493 1114 699 1206 hominem,
728 1118 851 1190 lesum
877 1132 921 1191 et>
937 1116 1154 1218 discipulum
1180 1123 1254 1220 ejus

187 1235 467 1336 Paulumpulam
477 1232 701 1337 recognovit.
718 1236 834 1336 Super
847 1236 1007 1311 infideles
1018 1254 1137 1312 sutem
1150 1264 1255 1312 exor-

188 1354 293 1426 cistas
321 1366 476 1452 repente
506 1352 613 1425 irruit
647 1369 685 1428 et
721 1353 892 1426 lucerutos
925 1352 1109 1454 effugavit.
1145 1354 1253 1428 Multi

188 1468 448 1570 Ephesiorum,
466 1468 585 1543 auditu
602 1470 859 1570 praedicatione
874 1471 1052 1574 veritatis,
1072 1473 1255 1547 credentes

188 1584 361 1688 hoptirati
387 1602 490 1676 sunt3
516 1602 554 1662 et
576 1587 686 1689 aliqui
709 1590 936 1664 curiosorum
960 1591 1117 1691 magicos
1144 1590 1257 1664 libros

190 1702 450 1793 incenderunt„
465 1728 623 1803 quorum
632 1705 791 1802 pretium
804 1705 1064 1807 quinquaginta
1075 1704 1188 1789 millis
1200 1705 1258 1780 de·

185 1819 672 1907 uariorumgaeuimaveunt.
690 1824 743 1894 lta
755 1820 902 1896 fortiter
917 1821 1070 1897 verbum
1081 1823 1147 1898 Dei
1165 1849 1258 1898 cres·

186 1935 297 2013 cebet
310 1952 349 2011 et
360 1935 636 2012 conferebatur
644 1967 656 2028 ς
675 1955 715 2013 et
727 1939 893 2015 fidelibus
910 1941 948 2014 in
962 1944 1073 2045 grstia
1091 1942 1156 2016 Dei
1172 1968 1258 2017 cor-

188 2050 385 2143 rubemus,
399 2054 593 2155 impiorum
603 2080 686 2154 pars
696 2054 900 2130 tabescebat
909 2071 947 2130 et
954 2055 1256 2137 confundebatur.

189 2169 321 2243 Paulus
336 2185 460 2244 autem-
469 2169 705 2243 Timotheum
717 2186 755 2244 et
767 2172 992 2245 Emstum'in
1010 2162 1257 2249 Macedoniam

188 2287 312 2375 misit3
328 2285 403 2387 ipse
417 2312 505 2362 vero
520 2287 565 2359 ed
581 2301 722 2386 tempus
739 2287 777 2359 in
797 2285 881 2360 Asiu
895 2288 1100 2389 remansit(
1126 2292 1155 2388 ).

238 2402 444 2478 Demetrius
474 2405 697 2504 argentarius
728 2395 1071 2505 cidens'Ephesios,
1105 2405 1258 2482 docente

188 2519 322 2609 Paulo,
338 2519 435 2596 aedes
445 2518 570 2593 hians
583 2517 797 2609 deseruisse,
815 2518 1014 2622 dolensque
1028 2521 1171 2595 lucrum
1184 2549 1258 2597 suae

188 2638 302 2729 artis,
329 2635 417 2727 dum
444 2636 631 2719 simulacra
648 2634 922 2727 damnarentur,
952 2637 990 2710 iu
1020 2635 1176 2712 nihilum
1199 2666 1259 2713 re-

189 2752 318 2844 diisse,
344 2753 537 2853 complices
556 2753 787 2842 convocavit,
811 2778 1043 2827 communem
1070 2755 1260 2855 querimo-

188 2871 294 2961 niam
316 2869 502 2961 enodavit,
521 2885 559 2944 et
575 2870 766 2943 clamosam
779 2870 878 2968 vulgi
898 2869 1111 2944 seditionem
1129 2871 1257 2943 conci-

191 2987 296 3080 tavit.
324 2985 428 3063 Unde
454 2986 492 3059 in
519 2984 700 3065 theatrum
721 2984 868 3060 demens
895 2982 1002 3057 turha
1026 3008 1109 3056 cum
1131 2983 1258 3058 surore

192 3104 373 3195 cucurrit,
389 3103 520 3178 Gaium
534 3119 571 3176 et
586 3100 834 3174 Aristarchum
849 3100 1062 3174 Macedones
1077 3099 1176 3172 Pauli
1194 3126 1258 3175 co-

190 3223 301 3296 mites
321 3221 461 3319 rapuit3
480 3216 541 3294 sed
563 3220 732 3318 strepitus
749 3220 958 3294 insanorum
974 3219 1014 3291 in
1037 3231 1149 3290 semet
1165 3242 1258 3290 con-

191 3339 294 3412 fusus
309 3337 400 3410 nihil
413 3336 604 3437 prevaluit
620 3337 636 3435 (
661 3338 691 3434 ).

241 3455 386 3545 Paulus,
396 3454 517 3528 accitis
526 3451 713 3541 fratribus,
723 3477 806 3525 cum
815 3449 1065 3525 exhortatione
1074 3448 1256 3538 valedixit,

195 3589 230 3647 et
248 3570 351 3661 inde,
369 3571 464 3643 utin
482 3569 727 3643 Macedoniam
745 3569 831 3656 iret,
855 3569 924 3640 iter
938 3567 1033 3638 iniit.
1056 3569 1098 3640 lu
1119 3565 1256 3639 Graecia

197 3687 312 3762 tribus
334 3685 515 3761 mensibus
536 3685 680 3758 mansit.
701 3684 859 3759 Comites
879 3700 999 3758 autem
1016 3686 1091 3783 ejus
1106 3683 1256 3757 fuerunt

197 3801 376 3903 Sosipater
397 3801 491 3874 Birri
513 3800 750 3895 Beroeeusis;‚²
762 3798 1131 3873 Thessalonicensium
1148 3823 1254 3887 vero,

231 4176 269 4243 (t)
288 4174 354 4228 Act.
366 4183 457 4245 apost.
472 4191 530 4243 tu,
554 4189 628 4228 1·22.
642 4169 711 4243 (55.)
723 4201 759 4216 -
770 4173 809 4242 (α)
822 4171 897 4227 Ibid.
912 4190 967 4240 xix,
983 4169 1077 4238 asso.
1091 4169 1208 4245 (57-58.)

270 4293 297 4336 1.
1072 4263 1115 4334 16
