2916 4958
195 402 256 462 sss
468 397 651 462 msroun
671 399 975 496 sccuususucs:

195 515 429 596 tionsbilibus
452 520 631 619 responsis
651 519 695 593 sd
719 545 839 596 verum
863 520 970 596 fidem
985 521 1172 599 inflectere
1192 541 1256 602 co·'

172 682 175 694 v
194 649 379 710 natusest.
399 635 563 736 Denique
576 635 750 711 seditiosis
764 636 1088 728 tumultuantibus,
1105 641 1152 714 sd
1162 642 1256 715 Nen-

193 778 275 824 vam
301 750 434 852 pariter
462 766 497 825 et
526 752 717 850 Trajanum
740 753 786 827 de
813 752 876 827 illo
903 753 1031 828 relatio
1055 756 1162 829 missa
1187 773 1253 832 est

195 872 367 968 Trajanus
383 893 469 943 vero
485 868 683 944 rescribens
694 868 818 969 jubet,
835 872 864 943 si
877 871 1043 947 Clemens
1057 873 1256 949 sucrifictue

193 983 326 1072 nollet,
345 1000 444 1056 trans
458 984 616 1058 Pontum
630 985 737 1059 maris
752 984 851 1085 quod
865 986 999 1059 civitati
1013 987 1254 1088 Gersonss(1)

193 1099 339 1197 adjacet,
349 1097 1255 1201 exiliumsubiret3nutamgrstiambomiuusbesto

193 1213 369 1289 Clementi
392 1213 522 1288 tribuit
543 1230 586 1287 ut
606 1215 733 1316 pagani
752 1215 859 1289 etism
882 1215 1050 1316 praesides
1065 1242 1177 1316 super
1193 1216 1255 1292 illo

193 1328 335 1403 flerent.
359 1329 521 1412 Julianus
542 1356 672 1428 praeses
690 1330 792 1403 illum
809 1330 887 1404 Deo
906 1331 1054 1430 plorans
1070 1357 1255 1407 commess-

192 1444 309 1531 davit,
330 1444 433 1543 eique
451 1470 579 1517 navem
600 1443 769 1519 omnibus
784 1447 991 1521 necessariis
1006 1462 1178 1521 onustam
1190 1447 1255 1522 de·

191 1560 334 1661 legavit.
355 1559 464 1633 Multi
486 1586 569 1634 eum
586 1560 742 1663 religiosi
762 1561 832 1634 viri
848 1561 893 1636 de
912 1559 1017 1662 plebe
1029 1578 1067 1637 et
1086 1563 1187 1638 clem
1201 1588 1256 1638 se-

192 1678 266 1750 cuti
278 1692 372 1749 sunt.
383 1679 425 1750 ln
435 1677 542 1752 exilio
553 1677 834 1778 plusquamduo
842 1678 955 1753 millia
963 1677 1254 1755 Christianorum

191 1793 235 1867 sd
259 1804 437 1870 marmora
461 1794 609 1869 secanda
633 1793 819 1870 damnatos
843 1783 967 1869 beatus
987 1822 1078 1896 papo
1096 1798 1253 1885 invenit3

191 1937 282 2013 quos
315 1937 398 1984 cum
425 1937 495 2010 pro
525 1912 592 1985 Dei
610 1913 772 1988 nomine
800 1913 977 2014 relegatos
1008 1916 1254 2015 cognovisset,

192 2030 383 2118 exultavit,
403 2029 523 2130 eisque
540 2029 720 2128 copiosam
736 2028 780 2104 de
793 2029 1051 2104 servsndslide
1067 2045 1107 2105 et
1122 2032 1256 2131 patior

192 2145 242 2216 tis
275 2145 479 2218 doctrinam
509 2145 683 2246 erogavit.
716 2143 852 2219 Deinde
882 2159 926 2217 ut
951 2147 1126 2247 coguovit
1158 2145 1256 2248 quod

192 2289 320 2364 aquam
334 2259 492 2335 humeris
502 2263 606 2334 suisa
620 2277 721 2335 sexto
737 2261 908 2336 milliario
917 2260 1175 2362 deportamus,
1191 2263 1257 2338 llo·

191 2378 336 2448 minum
358 2376 475 2451 oravit
498 2390 535 2448 et
557 2400 686 2475 uquam
711 2375 829 2474 petiit.
854 2376 1041 2476 Complets
1064 2403 1155 2452 vero
1179 2404 1258 2452 ors·

192 2493 312 2580 tione,
330 2517 465 2592 agrium
482 2506 636 2565 stantem
651 2517 759 2591 super
773 2507 938 2567 montem
953 2491 1064 2582 vidit,
1083 2511 1123 2567 et
1135 2496 1256 2570 locun

193 2635 303 2709 quem
316 2634 429 2708 agnus
452 2622 571 2682 erecto
589 2605 680 2706 pede
699 2608 829 2683 dextro
850 2623 1131 2698 monstraverat,
1156 2609 1255 2685 brevi

194 2724 334 2799 sormlo
350 2723 476 2797 leviter
491 2722 689 2821 percussit,
703 2737 739 2797 et
754 2722 896 2797 sontem
912 2722 1143 2797 affluentibus
1160 2726 1259 2799 venis

195 2858 365 2917 ornatum
378 2840 520 2938 aperuit
529 2892 541 2928 ,
560 2840 625 2940 qui
645 2837 767 2914 subito
785 2841 925 2939 impetu
943 2865 1094 2915 vomens
1111 2841 1260 2915 flurin
1283 2838 1287 2843 ’

194 2959 293 3031 lecit.
308 2955 363 3030 Ad
376 2953 466 3028 banc
478 2954 610 3028 somam
620 2955 799 3029 confluxit
807 2956 925 3030 omnis
937 2957 1144 3056 provincis,
1156 2973 1261 3059 atque

195 3069 1256 3169 doctrinamsancuclemensissuscepismultindomims5

197 3190 245 3264 ita
260 3190 352 3262 utin
368 3186 426 3263 die
440 3213 513 3260 una
525 3188 734 3287 quingente
751 3188 881 3261 animes
895 3188 951 3262 vel
966 3188 1119 3287 umplim
1132 3185 1258 3286 tupri-

197 3324 284 3380 zatae
310 3319 444 3392 essent,
472 3302 595 3402 ibique
621 3304 716 3375 intra
745 3329 860 3381 unum
883 3329 1040 3391 sunum,
1066 3301 1261 3376 confractis

200 3423 303 3496 idolis
319 3448 340 3492 a
357 3416 606 3508 credentibus,
624 3402 699 3492 uxr
713 3434 750 3493 et
766 3416 1076 3494 vecclesioelsotae
1092 3435 1226 3494 essent.

248 3538 334 3611 Post
352 3561 468 3610 annos
493 3550 585 3625 tres,
610 3537 757 3636 Paganis
782 3532 1047 3624 insistentibus,
1070 3533 1117 3608 sd
1132 3537 1261 3637 ijs-

200 3682 289 3729 num
308 3656 560 3753 imperatorem
584 3654 758 3730 invidiosa
779 3654 911 3728 ‹relstio
927 3655 1113 3744 enemim
1126 3669 1172 3729 et
1188 3655 1261 3729 tu·

201 3770 353 3844 lidianus
387 3767 460 3841 dux
490 3766 536 3840 ab
569 3794 612 3841 eo
644 3769 769 3840 missus
799 3768 945 3842 diversis
976 3771 1098 3867 poenis
1129 3770 1260 3844 multos

239 4047 278 4116 (ι)
295 4045 440 4100 Pent-itre
456 4044 609 4112 Chersone,
623 4043 686 4099 ville'
702 4044 773 4100 cites
785 4063 835 4118 par
846 4045 986 4119 Ρωοορο,
1000 4046 1090 4102 sits&
1099 4064 1137 4103 uu
1148 4045 1220 4104 boni
1231 4045 1264 4100 de

204 4133 230 4188 la
242 4151 303 4189 mer
316 4133 415 4201 linire,
427 4136 442 4188 t
453 4132 500 4187 dix
508 4132 640 4204 journees
652 4131 687 4186 de
701 4132 1095 4195 l’embouohsrodsbwh.
