<?xml version="1.0" encoding="UTF-8"?>
<!DOCTYPE html PUBLIC "-//W3C//DTD XHTML 1.0 Transitional//EN"
    "http://www.w3.org/TR/xhtml1/DTD/xhtml1-transitional.dtd">
<html xmlns="http://www.w3.org/1999/xhtml" xml:lang="en" lang="en">
 <head>
  <title>
</title>
<meta http-equiv="Content-Type" content="text/html;charset=utf-8" />
  <meta name='ocr-system' content='tesseract 3.04.00' />
  <meta name='ocr-capabilities' content='ocr_page ocr_carea ocr_par ocr_line ocrx_word'/>
</head>
<body>
  <div class='ocr_page' id='page_1' title='image "./ordericivitalis02deligoog/ordericivitalis02deligoog_0458.png"; bbox 0 0 2894 4958; ppageno 0'>
   <div class='ocr_carea' id='block_1_1' title="bbox 453 403 1245 491">
    <p class='ocr_par' dir='ltr' id='par_1_1' title="bbox 453 403 1245 491">
     <span class='ocr_line' id='line_1_1' title="bbox 453 403 1245 491; baseline 0.01 -23"><span class='ocrx_word' id='word_1_1' title='bbox 453 484 456 491; x_wconf 23' lang='lat'>¹</span> <span class='ocrx_word' id='word_1_2' title='bbox 539 403 655 470; x_wconf 79' lang='lat' dir='ltr'><strong>traua</strong></span> <span class='ocrx_word' id='word_1_3' title='bbox 675 406 885 472; x_wconf 81' lang='lat' dir='ltr'><strong>secururs.</strong></span> <span class='ocrx_word' id='word_1_4' title='bbox 1126 430 1130 441; x_wconf 63' lang='grc'><strong>«</strong></span> <span class='ocrx_word' id='word_1_5' title='bbox 1184 413 1245 477; x_wconf 75' lang='lat' dir='ltr'><strong>aas</strong></span> 
     </span>
    </p>
   </div>
   <div class='ocr_carea' id='block_1_2' title="bbox 184 525 1248 2842">
    <p class='ocr_par' dir='ltr' id='par_1_2' title="bbox 184 525 1247 2140">
     <span class='ocr_line' id='line_1_2' title="bbox 186 525 1247 628; baseline 0.002 -26"><span class='ocrx_word' id='word_1_6' title='bbox 186 530 281 603; x_wconf 88' lang='lat' dir='ltr'><strong>enim</strong></span> <span class='ocrx_word' id='word_1_7' title='bbox 298 525 471 599; x_wconf 81' lang='lat' dir='ltr'><strong>asserebat</strong></span> <span class='ocrx_word' id='word_1_8' title='bbox 493 527 627 598; x_wconf 91' lang='lat' dir='ltr'><strong>omnia.</strong></span> <span class='ocrx_word' id='word_1_9' title='bbox 652 527 772 599; x_wconf 87' lang='lat' dir='ltr'><strong>Sacras</strong></span> <span class='ocrx_word' id='word_1_10' title='bbox 795 553 880 627; x_wconf 91' lang='lat' dir='ltr'><strong>ergo</strong></span> <span class='ocrx_word' id='word_1_11' title='bbox 904 528 1076 628; x_wconf 77' lang='lat' dir='ltr'>imagines</span> <span class='ocrx_word' id='word_1_12' title='bbox 1096 531 1134 600; x_wconf 93' lang='lat' dir='ltr'><strong>in</strong></span> <span class='ocrx_word' id='word_1_13' title='bbox 1156 529 1247 605; x_wconf 86' lang='lat' dir='ltr'><strong>urbe</strong></span> 
     </span>
     <span class='ocr_line' id='line_1_3' title="bbox 184 642 1245 744; baseline 0.001 -27"><span class='ocrx_word' id='word_1_14' title='bbox 184 647 286 744; x_wconf 49' lang='lat' dir='ltr'><strong>regia&gt;</strong></span> <span class='ocrx_word' id='word_1_15' title='bbox 301 643 430 742; x_wconf 85' lang='lat' dir='ltr'><strong>deponi</strong></span> <span class='ocrx_word' id='word_1_16' title='bbox 445 643 569 740; x_wconf 89' lang='lat' dir='ltr'><strong>jussit,</strong></span> <span class='ocrx_word' id='word_1_17' title='bbox 593 657 629 714; x_wconf 88' lang='lat' dir='ltr'><strong>et</strong></span> <span class='ocrx_word' id='word_1_18' title='bbox 650 642 687 714; x_wconf 90' lang='lat' dir='ltr'><strong>iu</strong></span> <span class='ocrx_word' id='word_1_19' title='bbox 711 642 831 715; x_wconf 89' lang='lat' dir='ltr'><strong>medio</strong></span> <span class='ocrx_word' id='word_1_20' title='bbox 850 643 1002 714; x_wconf 90' lang='lat' dir='ltr'><strong>flammis</strong></span> <span class='ocrx_word' id='word_1_21' title='bbox 1024 646 1245 718; x_wconf 89' lang='lat' dir='ltr'><strong>concremari</strong></span> 
     </span>
     <span class='ocr_line' id='line_1_4' title="bbox 185 757 1247 861; baseline 0.001 -28"><span class='ocrx_word' id='word_1_22' title='bbox 185 761 372 861; x_wconf 84' lang='lat' dir='ltr'><strong>compulit.</strong></span> <span class='ocrx_word' id='word_1_23' title='bbox 402 757 638 832; x_wconf 88' lang='lat' dir='ltr'><strong>Prohibentes</strong></span> <span class='ocrx_word' id='word_1_24' title='bbox 666 784 752 831; x_wconf 70' lang='lat' dir='ltr'><strong>vero</strong></span> <span class='ocrx_word' id='word_1_25' title='bbox 781 758 978 835; x_wconf 88' lang='lat' dir='ltr'><strong>abscisione</strong></span> <span class='ocrx_word' id='word_1_26' title='bbox 1007 761 1152 859; x_wconf 86' lang='lat' dir='ltr'><strong>capitis,</strong></span> <span class='ocrx_word' id='word_1_27' title='bbox 1184 776 1247 834; x_wconf 92' lang='lat' dir='ltr'><strong>aut</strong></span> 
     </span>
     <span class='ocr_line' id='line_1_5' title="bbox 184 873 1246 979; baseline 0.002 -29"><span class='ocrx_word' id='word_1_28' title='bbox 184 880 337 952; x_wconf 86' lang='lat' dir='ltr'><strong>aliorum</strong></span> <span class='ocrx_word' id='word_1_29' title='bbox 351 877 597 950; x_wconf 89' lang='lat' dir='ltr'><strong>membrorum</strong></span> <span class='ocrx_word' id='word_1_30' title='bbox 611 873 875 948; x_wconf 85' lang='lat' dir='ltr'><strong>condemnavit.</strong></span> <span class='ocrx_word' id='word_1_31' title='bbox 889 875 1109 950; x_wconf 81' lang='lat' dir='ltr'><strong>Germanum</strong></span> <span class='ocrx_word' id='word_1_32' title='bbox 1120 878 1246 979; x_wconf 83' lang='lat' dir='ltr'><strong>utique</strong></span> 
     </span>
     <span class='ocr_line' id='line_1_6' title="bbox 185 991 1246 1091; baseline 0 -25"><span class='ocrx_word' id='word_1_33' title='bbox 185 994 616 1091; x_wconf 83' lang='lat' dir='ltr'><strong>constantinopolitanum</strong></span> <span class='ocrx_word' id='word_1_34' title='bbox 637 992 853 1079; x_wconf 82' lang='lat' dir='ltr'><strong>antistitem,</strong></span> <span class='ocrx_word' id='word_1_35' title='bbox 871 992 933 1091; x_wconf 92' lang='lat' dir='ltr'><strong>qui</strong></span> <span class='ocrx_word' id='word_1_36' title='bbox 952 991 1018 1064; x_wconf 89' lang='lat' dir='ltr'><strong>sibi</strong></span> <span class='ocrx_word' id='word_1_37' title='bbox 1037 994 1075 1065; x_wconf 94' lang='lat' dir='ltr'><strong>in</strong></span> <span class='ocrx_word' id='word_1_38' title='bbox 1092 992 1160 1066; x_wconf 89' lang='lat' dir='ltr'><strong>hoc</strong></span> <span class='ocrx_word' id='word_1_39' title='bbox 1180 993 1246 1068; x_wconf 90' lang='lat' dir='ltr'><strong>ob·</strong></span> 
     </span>
     <span class='ocr_line' id='line_1_7' title="bbox 184 1106 1247 1210; baseline 0.001 -29"><span class='ocrx_word' id='word_1_40' title='bbox 184 1110 318 1197; x_wconf 87' lang='lat' dir='ltr'><strong>stabat,</strong></span> <span class='ocrx_word' id='word_1_41' title='bbox 345 1108 537 1208; x_wconf 82' lang='lat' dir='ltr'><strong>praesulatu</strong></span> <span class='ocrx_word' id='word_1_42' title='bbox 560 1107 734 1206; x_wconf 83' lang='lat' dir='ltr'><strong>privavit,</strong></span> <span class='ocrx_word' id='word_1_43' title='bbox 754 1121 790 1179; x_wconf 89' lang='lat' dir='ltr'><strong>et</strong></span> <span class='ocrx_word' id='word_1_44' title='bbox 807 1106 1030 1179; x_wconf 84' lang='lat' dir='ltr'><strong>Anastasium</strong></span> <span class='ocrx_word' id='word_1_45' title='bbox 1054 1107 1247 1210; x_wconf 82' lang='lat' dir='ltr'><strong>presbyte-</strong></span> 
     </span>
     <span class='ocr_line' id='line_1_8' title="bbox 184 1223 1243 1324; baseline 0.001 -26"><span class='ocrx_word' id='word_1_46' title='bbox 184 1251 267 1298; x_wconf 90' lang='lat' dir='ltr'><strong>rum</strong></span> <span class='ocrx_word' id='word_1_47' title='bbox 286 1225 503 1324; x_wconf 85' lang='lat' dir='ltr'><strong>subrogavit.</strong></span> <span class='ocrx_word' id='word_1_48' title='bbox 531 1226 652 1298; x_wconf 88' lang='lat' dir='ltr'><strong>Mense</strong></span> <span class='ocrx_word' id='word_1_49' title='bbox 674 1225 857 1323; x_wconf 89' lang='lat' dir='ltr'><strong>januario,</strong></span> <span class='ocrx_word' id='word_1_50' title='bbox 885 1253 950 1324; x_wconf 90' lang='lat' dir='ltr'><strong>per</strong></span> <span class='ocrx_word' id='word_1_51' title='bbox 975 1251 1000 1297; x_wconf 92' lang='lat' dir='ltr'>x</span> <span class='ocrx_word' id='word_1_52' title='bbox 1023 1223 1096 1298; x_wconf 88' lang='lat' dir='ltr'><strong>dies</strong></span> <span class='ocrx_word' id='word_1_53' title='bbox 1122 1228 1243 1315; x_wconf 89' lang='lat' dir='ltr'><strong>stella,</strong></span> 
     </span>
     <span class='ocr_line' id='line_1_9' title="bbox 184 1340 1243 1442; baseline 0.003 -28"><span class='ocrx_word' id='word_1_54' title='bbox 184 1369 265 1442; x_wconf 84' lang='lat' dir='ltr'><strong>quae</strong></span> <span class='ocrx_word' id='word_1_55' title='bbox 284 1343 434 1415; x_wconf 85' lang='lat' dir='ltr'><strong>Antefer</strong></span> <span class='ocrx_word' id='word_1_56' title='bbox 450 1342 597 1428; x_wconf 90' lang='lat' dir='ltr'><strong>dicitur,</strong></span> <span class='ocrx_word' id='word_1_57' title='bbox 617 1368 697 1412; x_wconf 91' lang='lat' dir='ltr'><strong>cum</strong></span> <span class='ocrx_word' id='word_1_58' title='bbox 716 1340 823 1413; x_wconf 91' lang='lat' dir='ltr'><strong>radiis</strong></span> <span class='ocrx_word' id='word_1_59' title='bbox 841 1341 879 1412; x_wconf 92' lang='lat' dir='ltr'><strong>in</strong></span> <span class='ocrx_word' id='word_1_60' title='bbox 893 1342 1086 1416; x_wconf 87' lang='lat' dir='ltr'><strong>Occidente</strong></span> <span class='ocrx_word' id='word_1_61' title='bbox 1103 1345 1243 1417; x_wconf 87' lang='lat' dir='ltr'><strong>micuit.</strong></span> 
     </span>
     <span class='ocr_line' id='line_1_10' title="bbox 184 1456 1244 1558; baseline 0.003 -28"><span class='ocrx_word' id='word_1_62' title='bbox 184 1460 269 1533; x_wconf 91' lang='lat' dir='ltr'><strong>Post</strong></span> <span class='ocrx_word' id='word_1_63' title='bbox 281 1459 356 1531; x_wconf 89' lang='lat' dir='ltr'><strong>haec</strong></span> <span class='ocrx_word' id='word_1_64' title='bbox 369 1457 533 1532; x_wconf 86' lang='lat' dir='ltr'><strong>Tiberius</strong></span> <span class='ocrx_word' id='word_1_65' title='bbox 544 1458 702 1530; x_wconf 87' lang='lat' dir='ltr'><strong>Petasius</strong></span> <span class='ocrx_word' id='word_1_66' title='bbox 714 1484 866 1558; x_wconf 88' lang='lat' dir='ltr'><strong>regnum</strong></span> <span class='ocrx_word' id='word_1_67' title='bbox 881 1456 1046 1531; x_wconf 86' lang='lat' dir='ltr'><strong>invadere</strong></span> <span class='ocrx_word' id='word_1_68' title='bbox 1063 1458 1159 1531; x_wconf 91' lang='lat' dir='ltr'><strong>nisus</strong></span> <span class='ocrx_word' id='word_1_69' title='bbox 1172 1475 1225 1533; x_wconf 85' lang='lat' dir='ltr'><strong>est</strong></span> <span class='ocrx_word' id='word_1_70' title='bbox 1233 1513 1244 1549; x_wconf 95' lang='lat'><strong>,</strong></span> 
     </span>
     <span class='ocr_line' id='line_1_11' title="bbox 184 1574 1245 1674; baseline 0.001 -27"><span class='ocrx_word' id='word_1_71' title='bbox 184 1576 460 1674; x_wconf 81' lang='lat' dir='ltr'><strong>sedEutici0(1)</strong></span> <span class='ocrx_word' id='word_1_72' title='bbox 473 1575 625 1649; x_wconf 85' lang='lat' dir='ltr'><strong>exarcho</strong></span> <span class='ocrx_word' id='word_1_73' title='bbox 635 1590 670 1647; x_wconf 88' lang='lat' dir='ltr'><strong>et</strong></span> <span class='ocrx_word' id='word_1_74' title='bbox 680 1574 851 1647; x_wconf 87' lang='lat' dir='ltr'><strong>Romanis</strong></span> <span class='ocrx_word' id='word_1_75' title='bbox 859 1574 1101 1673; x_wconf 88' lang='lat' dir='ltr'><strong>pugnantibus</strong></span> <span class='ocrx_word' id='word_1_76' title='bbox 1110 1577 1245 1649; x_wconf 85' lang='lat' dir='ltr'><strong>occisus</strong></span> 
     </span>
     <span class='ocr_line' id='line_1_12' title="bbox 185 1688 1245 1791; baseline -0.001 -26"><span class='ocrx_word' id='word_1_77' title='bbox 185 1709 249 1765; x_wconf 88' lang='lat' dir='ltr'><strong>est.</strong></span> <span class='ocrx_word' id='word_1_78' title='bbox 275 1692 470 1791; x_wconf 83' lang='lat' dir='ltr'><strong>Gregorius</strong></span> <span class='ocrx_word' id='word_1_79' title='bbox 492 1719 580 1790; x_wconf 94' lang='lat' dir='ltr'><strong>papa</strong></span> <span class='ocrx_word' id='word_1_80' title='bbox 606 1717 648 1763; x_wconf 81' lang='lat' dir='ltr'><strong>cn</strong></span> <span class='ocrx_word' id='word_1_81' title='bbox 671 1692 855 1789; x_wconf 87' lang='lat' dir='ltr'><strong>episcopos</strong></span> <span class='ocrx_word' id='word_1_82' title='bbox 876 1688 1073 1774; x_wconf 86' lang='lat' dir='ltr'><strong>ordinavit,</strong></span> <span class='ocrx_word' id='word_1_83' title='bbox 1102 1708 1138 1763; x_wconf 89' lang='lat' dir='ltr'><strong>et</strong></span> <span class='ocrx_word' id='word_1_84' title='bbox 1163 1708 1245 1790; x_wconf 87' lang='lat' dir='ltr'><strong>post</strong></span> 
     </span>
     <span class='ocr_line' id='line_1_13' title="bbox 184 1804 1244 1909; baseline 0.001 -29"><span class='ocrx_word' id='word_1_85' title='bbox 184 1808 296 1880; x_wconf 86' lang='lat' dir='ltr'><strong>multa</strong></span> <span class='ocrx_word' id='word_1_86' title='bbox 322 1809 417 1882; x_wconf 89' lang='lat' dir='ltr'><strong>hona</strong></span> <span class='ocrx_word' id='word_1_87' title='bbox 438 1837 546 1909; x_wconf 90' lang='lat' dir='ltr'><strong>opera</strong></span> <span class='ocrx_word' id='word_1_88' title='bbox 572 1822 628 1882; x_wconf 80' lang='lat'>111⁰</span> <span class='ocrx_word' id='word_1_89' title='bbox 647 1806 723 1878; x_wconf 92' lang='lat' dir='ltr'><strong>idus</strong></span> <span class='ocrx_word' id='word_1_90' title='bbox 744 1805 914 1879; x_wconf 84' lang='lat' dir='ltr'><strong>februarii</strong></span> <span class='ocrx_word' id='word_1_91' title='bbox 938 1804 981 1877; x_wconf 91' lang='lat' dir='ltr'><strong>ad</strong></span> <span class='ocrx_word' id='word_1_92' title='bbox 1005 1804 1150 1879; x_wconf 87' lang='lat' dir='ltr'><strong>beatum</strong></span> <span class='ocrx_word' id='word_1_93' title='bbox 1173 1809 1244 1881; x_wconf 92' lang='lat' dir='ltr'><strong>Pe—</strong></span> 
     </span>
     <span class='ocr_line' id='line_1_14' title="bbox 184 1921 1245 2024; baseline 0.001 -30"><span class='ocrx_word' id='word_1_94' title='bbox 184 1939 283 1995; x_wconf 86' lang='lat' dir='ltr'><strong>trum</strong></span> <span class='ocrx_word' id='word_1_95' title='bbox 300 1925 503 2024; x_wconf 86' lang='lat' dir='ltr'><strong>apostolum</strong></span> <span class='ocrx_word' id='word_1_96' title='bbox 526 1923 684 2024; x_wconf 89' lang='lat' dir='ltr'><strong>sepultus</strong></span> <span class='ocrx_word' id='word_1_97' title='bbox 705 1938 777 2011; x_wconf 91' lang='lat' dir='ltr'><strong>est,</strong></span> <span class='ocrx_word' id='word_1_98' title='bbox 801 1937 836 1994; x_wconf 90' lang='lat' dir='ltr'><strong>et</strong></span> <span class='ocrx_word' id='word_1_99' title='bbox 860 1921 1005 1994; x_wconf 84' lang='lat' dir='ltr'><strong>cessavit</strong></span> <span class='ocrx_word' id='word_1_100' title='bbox 1025 1922 1245 2020; x_wconf 86' lang='lat' dir='ltr'><strong>episcopatus</strong></span> 
     </span>
     <span class='ocr_line' id='line_1_15' title="bbox 184 2040 649 2140; baseline -0.004 -29"><span class='ocrx_word' id='word_1_101' title='bbox 184 2065 305 2113; x_wconf 84' lang='lat' dir='ltr'><strong>mense</strong></span> <span class='ocrx_word' id='word_1_102' title='bbox 319 2067 393 2114; x_wconf 91' lang='lat' dir='ltr'><strong>uno</strong></span> <span class='ocrx_word' id='word_1_103' title='bbox 410 2040 534 2114; x_wconf 91' lang='lat' dir='ltr'><strong>diebus</strong></span> <span class='ocrx_word' id='word_1_104' title='bbox 546 2042 599 2140; x_wconf 86' lang='lat' dir='ltr'><strong>v(</strong></span> <span class='ocrx_word' id='word_1_105' title='bbox 624 2047 649 2135; x_wconf 88' lang='lat'><strong>).</strong></span> 
     </span>
    </p>

    <p class='ocr_par' dir='ltr' id='par_1_3' title="bbox 184 2155 1248 2842">
     <span class='ocr_line' id='line_1_16' title="bbox 233 2155 1246 2258; baseline 0.002 -31"><span class='ocrx_word' id='word_1_106' title='bbox 233 2156 427 2256; x_wconf 81' lang='lat' dir='ltr'><strong>Gregorius</strong></span> <span class='ocrx_word' id='word_1_107' title='bbox 453 2160 582 2258; x_wconf 81' lang='lat' dir='ltr'><strong>Syrus,</strong></span> <span class='ocrx_word' id='word_1_108' title='bbox 605 2184 648 2232; x_wconf 85' lang='lat' dir='ltr'><strong>ex</strong></span> <span class='ocrx_word' id='word_1_109' title='bbox 672 2171 774 2255; x_wconf 88' lang='lat' dir='ltr'><strong>patre</strong></span> <span class='ocrx_word' id='word_1_110' title='bbox 795 2157 952 2244; x_wconf 89' lang='lat' dir='ltr'><strong>Joanne,</strong></span> <span class='ocrx_word' id='word_1_111' title='bbox 981 2155 1070 2228; x_wconf 87' lang='lat' dir='ltr'><strong>sedit</strong></span> <span class='ocrx_word' id='word_1_112' title='bbox 1094 2157 1197 2228; x_wconf 91' lang='lat' dir='ltr'><strong>annis</strong></span> <span class='ocrx_word' id='word_1_113' title='bbox 1221 2180 1246 2229; x_wconf 83' lang='lat' dir='ltr'>x</span> 
     </span>
     <span class='ocr_line' id='line_1_17' title="bbox 184 2271 1247 2370; baseline 0 -28"><span class='ocrx_word' id='word_1_114' title='bbox 184 2272 365 2345; x_wconf 87' lang='lat' dir='ltr'><strong>mensibus</strong></span> <span class='ocrx_word' id='word_1_115' title='bbox 377 2298 444 2347; x_wconf 82' lang='lat' dir='ltr'><strong>vlu</strong></span> <span class='ocrx_word' id='word_1_116' title='bbox 457 2273 581 2345; x_wconf 91' lang='lat' dir='ltr'><strong>diebus</strong></span> <span class='ocrx_word' id='word_1_117' title='bbox 598 2298 683 2362; x_wconf 86' lang='lat' dir='ltr'>xxv,</span> <span class='ocrx_word' id='word_1_118' title='bbox 699 2278 818 2346; x_wconf 87' lang='lat' dir='ltr'><strong>Leone</strong></span> <span class='ocrx_word' id='word_1_119' title='bbox 834 2288 869 2344; x_wconf 88' lang='lat' dir='ltr'><strong>et</strong></span> <span class='ocrx_word' id='word_1_120' title='bbox 882 2271 1121 2344; x_wconf 85' lang='lat' dir='ltr'><strong>Constantino</strong></span> <span class='ocrx_word' id='word_1_121' title='bbox 1136 2272 1247 2370; x_wconf 89' lang='lat' dir='ltr'><strong>impe·</strong></span> 
     </span>
     <span class='ocr_line' id='line_1_18' title="bbox 185 2389 1248 2489; baseline 0.002 -30"><span class='ocrx_word' id='word_1_122' title='bbox 185 2389 361 2463; x_wconf 85' lang='lat' dir='ltr'><strong>rantibus.</strong></span> <span class='ocrx_word' id='word_1_123' title='bbox 385 2393 451 2463; x_wconf 90' lang='lat' dir='ltr'><strong>Hic</strong></span> <span class='ocrx_word' id='word_1_124' title='bbox 467 2392 674 2479; x_wconf 88' lang='lat' dir='ltr'><strong>sanctitate,</strong></span> <span class='ocrx_word' id='word_1_125' title='bbox 697 2391 848 2489; x_wconf 89' lang='lat' dir='ltr'><strong>pietate,</strong></span> <span class='ocrx_word' id='word_1_126' title='bbox 867 2390 1061 2488; x_wconf 78' lang='lat' dir='ltr'><strong>sapientia,</strong></span> <span class='ocrx_word' id='word_1_127' title='bbox 1078 2414 1192 2488; x_wconf 84' lang='lat' dir='ltr'><strong>graeca</strong></span> <span class='ocrx_word' id='word_1_128' title='bbox 1211 2403 1248 2463; x_wconf 88' lang='lat' dir='ltr'><strong>et</strong></span> 
     </span>
     <span class='ocr_line' id='line_1_19' title="bbox 185 2504 1245 2596; baseline 0.002 -20"><span class='ocrx_word' id='word_1_129' title='bbox 185 2504 294 2579; x_wconf 88' lang='lat' dir='ltr'><strong>latina</strong></span> <span class='ocrx_word' id='word_1_130' title='bbox 307 2507 469 2580; x_wconf 87' lang='lat' dir='ltr'><strong>facundia</strong></span> <span class='ocrx_word' id='word_1_131' title='bbox 487 2506 679 2581; x_wconf 91' lang='lat' dir='ltr'><strong>admodum</strong></span> <span class='ocrx_word' id='word_1_132' title='bbox 697 2508 811 2579; x_wconf 83' lang='lat' dir='ltr'><strong>clarus</strong></span> <span class='ocrx_word' id='word_1_133' title='bbox 829 2505 897 2584; x_wconf 85' lang='lat' dir='ltr'><strong>fuit</strong></span> <span class='ocrx_word' id='word_1_134' title='bbox 906 2552 918 2595; x_wconf 85' lang='lat'><strong>,</strong></span> <span class='ocrx_word' id='word_1_135' title='bbox 936 2505 1047 2578; x_wconf 82' lang='lat' dir='ltr'><strong>multa</strong></span> <span class='ocrx_word' id='word_1_136' title='bbox 1065 2506 1245 2596; x_wconf 87' lang='lat' dir='ltr'><strong>condidit,</strong></span> 
     </span>
     <span class='ocr_line' id='line_1_20' title="bbox 186 2622 1248 2725; baseline 0.001 -31"><span class='ocrx_word' id='word_1_137' title='bbox 186 2639 223 2694; x_wconf 88' lang='lat' dir='ltr'><strong>et</strong></span> <span class='ocrx_word' id='word_1_138' title='bbox 240 2625 276 2695; x_wconf 93' lang='lat' dir='ltr'><strong>in</strong></span> <span class='ocrx_word' id='word_1_139' title='bbox 292 2625 414 2695; x_wconf 90' lang='lat' dir='ltr'><strong>multis</strong></span> <span class='ocrx_word' id='word_1_140' title='bbox 428 2625 621 2698; x_wconf 84' lang='lat' dir='ltr'><strong>Ecclesiam</strong></span> <span class='ocrx_word' id='word_1_141' title='bbox 638 2626 703 2698; x_wconf 89' lang='lat' dir='ltr'><strong>Dei</strong></span> <span class='ocrx_word' id='word_1_142' title='bbox 715 2625 871 2697; x_wconf 82' lang='lat' dir='ltr'><strong>ornavit.</strong></span> <span class='ocrx_word' id='word_1_143' title='bbox 888 2626 929 2696; x_wconf 92' lang='lat' dir='ltr'><strong>ln</strong></span> <span class='ocrx_word' id='word_1_144' title='bbox 948 2622 1039 2697; x_wconf 90' lang='lat' dir='ltr'><strong>urbe</strong></span> <span class='ocrx_word' id='word_1_145' title='bbox 1052 2625 1166 2696; x_wconf 88' lang='lat' dir='ltr'><strong>Roma</strong></span> <span class='ocrx_word' id='word_1_146' title='bbox 1183 2650 1248 2725; x_wconf 86' lang='lat' dir='ltr'><strong>sy-</strong></span> 
     </span>
     <span class='ocr_line' id='line_1_21' title="bbox 185 2739 1248 2842; baseline 0.004 -30"><span class='ocrx_word' id='word_1_147' title='bbox 185 2739 323 2814; x_wconf 89' lang='lat' dir='ltr'><strong>nodum</strong></span> <span class='ocrx_word' id='word_1_148' title='bbox 340 2767 427 2813; x_wconf 80' lang='lat' dir='ltr'><strong>xcru</strong></span> <span class='ocrx_word' id='word_1_149' title='bbox 445 2744 695 2842; x_wconf 89' lang='lat' dir='ltr'><strong>episcoporum</strong></span> <span class='ocrx_word' id='word_1_150' title='bbox 711 2744 961 2842; x_wconf 85' lang='lat' dir='ltr'><strong>congregavit,</strong></span> <span class='ocrx_word' id='word_1_151' title='bbox 983 2756 1109 2816; x_wconf 91' lang='lat' dir='ltr'><strong>contra</strong></span> <span class='ocrx_word' id='word_1_152' title='bbox 1129 2741 1248 2816; x_wconf 87' lang='lat' dir='ltr'><strong>haere-</strong></span> 
     </span>
    </p>
   </div>
   <div class='ocr_carea' id='block_1_3' title="bbox 186 3086 1256 4237">
    <p class='ocr_par' dir='ltr' id='par_1_4' title="bbox 221 3086 543 3160">
     <span class='ocr_line' id='line_1_22' title="bbox 221 3086 543 3160; baseline 0.006 -22"><span class='ocrx_word' id='word_1_153' title='bbox 221 3086 260 3154; x_wconf 89' lang='lat'><strong>(1)</strong></span> <span class='ocrx_word' id='word_1_154' title='bbox 279 3087 354 3140; x_wconf 85' lang='lat' dir='ltr'><strong>Lisez</strong></span> <span class='ocrx_word' id='word_1_155' title='bbox 370 3111 374 3140; x_wconf 93' lang='lat'>:</span> <span class='ocrx_word' id='word_1_156' title='bbox 390 3088 420 3142; x_wconf 86' lang='lat' dir='ltr'><em>E</em></span> <span class='ocrx_word' id='word_1_157' title='bbox 421 3087 543 3160; x_wconf 72' lang='lat' dir='ltr'><strong>utyckt&#39;a</strong></span> 
     </span>
    </p>

    <p class='ocr_par' dir='ltr' id='par_1_5' title="bbox 186 3173 1256 4237">
     <span class='ocr_line' id='line_1_23' title="bbox 221 3173 1250 3246; baseline -0.001 -17"><span class='ocrx_word' id='word_1_158' title='bbox 221 3177 259 3246; x_wconf 83' lang='lat' dir='ltr'><strong>(a)</strong></span> <span class='ocrx_word' id='word_1_159' title='bbox 277 3179 321 3231; x_wconf 81' lang='lat' dir='ltr'><strong>Au</strong></span> <span class='ocrx_word' id='word_1_160' title='bbox 333 3177 389 3232; x_wconf 86' lang='lat' dir='ltr'><strong>lieu</strong></span> <span class='ocrx_word' id='word_1_161' title='bbox 402 3176 437 3232; x_wconf 92' lang='lat' dir='ltr'><strong>de</strong></span> <span class='ocrx_word' id='word_1_162' title='bbox 452 3178 557 3232; x_wconf 81' lang='lat' dir='ltr'><strong>Barion</strong></span> <span class='ocrx_word' id='word_1_163' title='bbox 569 3187 598 3231; x_wconf 90' lang='lat' dir='ltr'><strong>et</strong></span> <span class='ocrx_word' id='word_1_164' title='bbox 610 3175 764 3244; x_wconf 80' lang='lat' dir='ltr'><strong>Exclarat,</strong></span> <span class='ocrx_word' id='word_1_165' title='bbox 783 3174 847 3229; x_wconf 83' lang='lat' dir='ltr'><strong>lisez</strong></span> <span class='ocrx_word' id='word_1_166' title='bbox 862 3175 968 3229; x_wconf 72' lang='lat' dir='ltr'><strong>Luaron</strong></span> <span class='ocrx_word' id='word_1_167' title='bbox 980 3184 1009 3229; x_wconf 87' lang='lat' dir='ltr'><strong>et</strong></span> <span class='ocrx_word' id='word_1_168' title='bbox 1021 3173 1186 3229; x_wconf 81' lang='lat' dir='ltr'><strong>Exlzilarat.</strong></span> <span class='ocrx_word' id='word_1_169' title='bbox 1198 3173 1250 3228; x_wconf 83' lang='lat' dir='ltr'><strong>Les</strong></span> 
     </span>
     <span class='ocr_line' id='line_1_24' title="bbox 187 3264 1250 3339; baseline -0.002 -21"><span class='ocrx_word' id='word_1_170' title='bbox 187 3267 336 3338; x_wconf 73' lang='lat' dir='ltr'><strong>premieres</strong></span> <span class='ocrx_word' id='word_1_171' title='bbox 348 3269 457 3321; x_wconf 66' lang='lat' dir='ltr'><strong>mentes</strong></span> <span class='ocrx_word' id='word_1_172' title='bbox 470 3277 566 3321; x_wconf 88' lang='lat' dir='ltr'><strong>contre</strong></span> <span class='ocrx_word' id='word_1_173' title='bbox 578 3266 604 3320; x_wconf 87' lang='lat' dir='ltr'><strong>le</strong></span> <span class='ocrx_word' id='word_1_174' title='bbox 617 3283 686 3339; x_wconf 90' lang='lat' dir='ltr'><strong>pape</strong></span> <span class='ocrx_word' id='word_1_175' title='bbox 699 3269 715 3319; x_wconf 76' lang='lat' dir='ltr'><strong>a</strong></span> <span class='ocrx_word' id='word_1_176' title='bbox 728 3265 908 3337; x_wconf 87' lang='lat' dir='ltr'><strong>l&#39;instigation</strong></span> <span class='ocrx_word' id='word_1_177' title='bbox 918 3264 952 3319; x_wconf 89' lang='lat' dir='ltr'><strong>de</strong></span> <span class='ocrx_word' id='word_1_178' title='bbox 963 3264 1127 3336; x_wconf 80' lang='lat' dir='ltr'><strong>l’empereur</strong></span> <span class='ocrx_word' id='word_1_179' title='bbox 1137 3280 1250 3317; x_wconf 88' lang='lat' dir='ltr'><strong>remon-</strong></span> 
     </span>
     <span class='ocr_line' id='line_1_25' title="bbox 186 3353 1250 3432; baseline -0.003 -22"><span class='ocrx_word' id='word_1_180' title='bbox 186 3366 247 3411; x_wconf 79' lang='lat' dir='ltr'><strong>tent</strong></span> <span class='ocrx_word' id='word_1_181' title='bbox 263 3375 297 3410; x_wconf 91' lang='lat' dir='ltr'><strong>au</strong></span> <span class='ocrx_word' id='word_1_182' title='bbox 311 3358 399 3413; x_wconf 90' lang='lat' dir='ltr'><strong>moins</strong></span> <span class='ocrx_word' id='word_1_183' title='bbox 413 3358 521 3431; x_wconf 74' lang='lat' dir='ltr'><strong>jusqu’a</strong></span> <span class='ocrx_word' id='word_1_184' title='bbox 534 3357 600 3432; x_wconf 78' lang='lat'><strong>726,</strong></span> <span class='ocrx_word' id='word_1_185' title='bbox 616 3359 723 3429; x_wconf 74' lang='lat' dir='ltr'><strong>dpoque</strong></span> <span class='ocrx_word' id='word_1_186' title='bbox 737 3358 774 3411; x_wconf 73' lang='grc' dir='ltr'><strong>οὐ</strong></span> <span class='ocrx_word' id='word_1_187' title='bbox 791 3354 925 3411; x_wconf 89' lang='lat' dir='ltr'><strong>Jourdaiu</strong></span> <span class='ocrx_word' id='word_1_188' title='bbox 937 3354 964 3409; x_wconf 85' lang='lat' dir='ltr'><strong>le</strong></span> <span class='ocrx_word' id='word_1_189' title='bbox 976 3353 1130 3409; x_wconf 73' lang='lat' dir='ltr'><strong>cartulaire</strong></span> <span class='ocrx_word' id='word_1_190' title='bbox 1142 3364 1171 3408; x_wconf 86' lang='lat' dir='ltr'><strong>et</strong></span> <span class='ocrx_word' id='word_1_191' title='bbox 1181 3354 1250 3408; x_wconf 87' lang='lat' dir='ltr'><strong>Jean</strong></span> 
     </span>
     <span class='ocr_line' id='line_1_26' title="bbox 186 3441 1248 3519; baseline -0.003 -20"><span class='ocrx_word' id='word_1_192' title='bbox 186 3445 291 3500; x_wconf 87' lang='lat' dir='ltr'><strong>Lurion</strong></span> <span class='ocrx_word' id='word_1_193' title='bbox 305 3446 398 3501; x_wconf 73' lang='lat' dir='ltr'><strong>iurent</strong></span> <span class='ocrx_word' id='word_1_194' title='bbox 410 3450 471 3501; x_wconf 74' lang='lat' dir='ltr'><strong>tues</strong></span> <span class='ocrx_word' id='word_1_195' title='bbox 482 3465 531 3519; x_wconf 91' lang='lat' dir='ltr'><strong>par</strong></span> <span class='ocrx_word' id='word_1_196' title='bbox 540 3446 578 3500; x_wconf 86' lang='lat' dir='ltr'><strong>les</strong></span> <span class='ocrx_word' id='word_1_197' title='bbox 590 3446 738 3513; x_wconf 90' lang='lat' dir='ltr'><strong>Romains,</strong></span> <span class='ocrx_word' id='word_1_198' title='bbox 752 3455 781 3499; x_wconf 88' lang='lat' dir='ltr'><strong>et</strong></span> <span class='ocrx_word' id='word_1_199' title='bbox 792 3445 818 3499; x_wconf 89' lang='lat' dir='ltr'><strong>le</strong></span> <span class='ocrx_word' id='word_1_200' title='bbox 827 3444 881 3499; x_wconf 88' lang='lat' dir='ltr'><strong>duc</strong></span> <span class='ocrx_word' id='word_1_201' title='bbox 890 3444 976 3498; x_wconf 88' lang='lat' dir='ltr'><strong>Basile</strong></span> <span class='ocrx_word' id='word_1_202' title='bbox 986 3445 1080 3499; x_wconf 76' lang='lat' dir='ltr'><strong>chasse</strong></span> <span class='ocrx_word' id='word_1_203' title='bbox 1089 3443 1124 3497; x_wconf 91' lang='lat' dir='ltr'><strong>de</strong></span> <span class='ocrx_word' id='word_1_204' title='bbox 1136 3444 1162 3497; x_wconf 86' lang='lat' dir='ltr'><strong>la</strong></span> <span class='ocrx_word' id='word_1_205' title='bbox 1175 3441 1248 3497; x_wconf 87' lang='lat' dir='ltr'><strong>ville.</strong></span> 
     </span>
     <span class='ocr_line' id='line_1_27' title="bbox 187 3530 1251 3611; baseline -0.002 -23"><span class='ocrx_word' id='word_1_206' title='bbox 187 3535 336 3610; x_wconf 80' lang='lat' dir='ltr'><strong>L&#39;exarque</strong></span> <span class='ocrx_word' id='word_1_207' title='bbox 349 3537 432 3604; x_wconf 88' lang='lat' dir='ltr'><strong>Paul,</strong></span> <span class='ocrx_word' id='word_1_208' title='bbox 450 3539 553 3608; x_wconf 81' lang='lat' dir='ltr'><strong>envoye</strong></span> <span class='ocrx_word' id='word_1_209' title='bbox 566 3554 601 3590; x_wconf 90' lang='lat' dir='ltr'><strong>en</strong></span> <span class='ocrx_word' id='word_1_210' title='bbox 615 3553 681 3611; x_wconf 78' lang='lat'><strong>727,</strong></span> <span class='ocrx_word' id='word_1_211' title='bbox 697 3553 733 3590; x_wconf 88' lang='lat' dir='ltr'><strong>ne</strong></span> <span class='ocrx_word' id='word_1_212' title='bbox 748 3536 792 3590; x_wconf 82' lang='lat' dir='ltr'><strong>fut</strong></span> <span class='ocrx_word' id='word_1_213' title='bbox 808 3552 856 3607; x_wconf 87' lang='lat' dir='ltr'><strong>pas</strong></span> <span class='ocrx_word' id='word_1_214' title='bbox 870 3534 962 3588; x_wconf 82' lang='lat' dir='ltr'><strong>mieux</strong></span> <span class='ocrx_word' id='word_1_215' title='bbox 979 3535 1061 3588; x_wconf 77' lang='lat' dir='ltr'><strong>traite</strong></span> <span class='ocrx_word' id='word_1_216' title='bbox 1079 3532 1179 3606; x_wconf 83' lang='lat' dir='ltr'><strong>parles</strong></span> <span class='ocrx_word' id='word_1_217' title='bbox 1192 3530 1251 3586; x_wconf 87' lang='lat' dir='ltr'><strong>Ro-</strong></span> 
     </span>
     <span class='ocr_line' id='line_1_28' title="bbox 187 3621 1251 3700; baseline -0.007 -19"><span class='ocrx_word' id='word_1_218' title='bbox 187 3627 292 3695; x_wconf 88' lang='lat' dir='ltr'><strong>mains,</strong></span> <span class='ocrx_word' id='word_1_219' title='bbox 305 3637 333 3681; x_wconf 88' lang='lat' dir='ltr'><strong>et</strong></span> <span class='ocrx_word' id='word_1_220' title='bbox 345 3628 420 3700; x_wconf 77' lang='lat' dir='ltr'><strong>perit</strong></span> <span class='ocrx_word' id='word_1_221' title='bbox 431 3626 499 3682; x_wconf 86' lang='lat' dir='ltr'><strong>dans</strong></span> <span class='ocrx_word' id='word_1_222' title='bbox 511 3645 551 3681; x_wconf 89' lang='lat' dir='ltr'><strong>uu</strong></span> <span class='ocrx_word' id='word_1_223' title='bbox 565 3625 749 3681; x_wconf 73' lang='lat' dir='ltr'><strong>soulevement</strong></span> <span class='ocrx_word' id='word_1_224' title='bbox 765 3623 935 3690; x_wconf 67' lang='lat' dir='ltr'><strong>aliatenus,</strong></span> <span class='ocrx_word' id='word_1_225' title='bbox 951 3640 987 3678; x_wconf 89' lang='lat' dir='ltr'><strong>en</strong></span> <span class='ocrx_word' id='word_1_226' title='bbox 1000 3623 1060 3697; x_wconf 80' lang='lat'><strong>728.</strong></span> <span class='ocrx_word' id='word_1_227' title='bbox 1073 3624 1111 3677; x_wconf 86' lang='lat' dir='ltr'><strong>La</strong></span> <span class='ocrx_word' id='word_1_228' title='bbox 1122 3621 1251 3694; x_wconf 62' lang='lat' dir='ltr'><strong>captivit&amp;</strong></span> 
     </span>
     <span class='ocr_line' id='line_1_29' title="bbox 187 3708 1252 3787; baseline -0.004 -20"><span class='ocrx_word' id='word_1_229' title='bbox 187 3723 216 3767; x_wconf 90' lang='lat' dir='ltr'><strong>et</strong></span> <span class='ocrx_word' id='word_1_230' title='bbox 228 3713 254 3767; x_wconf 92' lang='lat' dir='ltr'><strong>le</strong></span> <span class='ocrx_word' id='word_1_231' title='bbox 263 3726 386 3770; x_wconf 77' lang='lat' dir='ltr'><strong>meurtre</strong></span> <span class='ocrx_word' id='word_1_232' title='bbox 396 3713 435 3768; x_wconf 91' lang='lat' dir='ltr'><strong>du</strong></span> <span class='ocrx_word' id='word_1_233' title='bbox 445 3714 500 3769; x_wconf 91' lang='lat' dir='ltr'><strong>duc</strong></span> <span class='ocrx_word' id='word_1_234' title='bbox 513 3714 548 3768; x_wconf 91' lang='lat' dir='ltr'><strong>de</strong></span> <span class='ocrx_word' id='word_1_235' title='bbox 557 3713 657 3787; x_wconf 86' lang='lat' dir='ltr'><strong>Naples</strong></span> <span class='ocrx_word' id='word_1_236' title='bbox 666 3714 676 3783; x_wconf 82' lang='lat'>(</span> <span class='ocrx_word' id='word_1_237' title='bbox 682 3712 855 3784; x_wconf 74' lang='lat' dir='ltr'><strong>Exhilarat)</strong></span> <span class='ocrx_word' id='word_1_238' title='bbox 866 3710 939 3766; x_wconf 83' lang='lat' dir='ltr'><strong>etde</strong></span> <span class='ocrx_word' id='word_1_239' title='bbox 950 3728 999 3765; x_wconf 87' lang='lat' dir='ltr'><strong>sou</strong></span> <span class='ocrx_word' id='word_1_240' title='bbox 1011 3710 1053 3765; x_wconf 79' lang='lat' dir='ltr'><strong>fita</strong></span> <span class='ocrx_word' id='word_1_241' title='bbox 1066 3727 1136 3764; x_wconf 84' lang='lat' dir='ltr'><strong>nous</strong></span> <span class='ocrx_word' id='word_1_242' title='bbox 1147 3708 1252 3782; x_wconf 82' lang='lat' dir='ltr'><strong>parais-</strong></span> 
     </span>
     <span class='ocr_line' id='line_1_30' title="bbox 189 3799 1253 3877; baseline -0.005 -20"><span class='ocrx_word' id='word_1_243' title='bbox 189 3814 250 3857; x_wconf 88' lang='lat' dir='ltr'><strong>sent</strong></span> <span class='ocrx_word' id='word_1_244' title='bbox 267 3805 424 3877; x_wconf 86' lang='lat' dir='ltr'><strong>apparteuir</strong></span> <span class='ocrx_word' id='word_1_245' title='bbox 440 3808 455 3858; x_wconf 74' lang='lat' dir='ltr'><strong>a</strong></span> <span class='ocrx_word' id='word_1_246' title='bbox 471 3803 498 3857; x_wconf 86' lang='lat' dir='ltr'><strong>la</strong></span> <span class='ocrx_word' id='word_1_247' title='bbox 514 3803 604 3858; x_wconf 72' lang='lat' dir='ltr'><strong>meme</strong></span> <span class='ocrx_word' id='word_1_248' title='bbox 619 3805 734 3877; x_wconf 72' lang='lat' dir='ltr'><strong>epoque.</strong></span> <span class='ocrx_word' id='word_1_249' title='bbox 752 3803 790 3856; x_wconf 69' lang='grc' dir='ltr'><strong>[Δ</strong></span> <span class='ocrx_word' id='word_1_250' title='bbox 808 3800 910 3856; x_wconf 64' lang='lat' dir='ltr'><strong>revolte</strong></span> <span class='ocrx_word' id='word_1_251' title='bbox 926 3799 962 3854; x_wconf 90' lang='lat' dir='ltr'><strong>de</strong></span> <span class='ocrx_word' id='word_1_252' title='bbox 979 3799 1082 3853; x_wconf 72' lang='lat' dir='ltr'><strong>Tibere</strong></span> <span class='ocrx_word' id='word_1_253' title='bbox 1098 3799 1193 3853; x_wconf 79' lang='lat' dir='ltr'><strong>Petase</strong></span> <span class='ocrx_word' id='word_1_254' title='bbox 1211 3807 1253 3852; x_wconf 82' lang='lat' dir='ltr'><strong>est</strong></span> 
     </span>
     <span class='ocr_line' id='line_1_31' title="bbox 189 3886 1252 3966; baseline -0.003 -19"><span class='ocrx_word' id='word_1_255' title='bbox 189 3895 345 3949; x_wconf 85' lang='lat' dir='ltr'><strong>ante&#39;rieure</strong></span> <span class='ocrx_word' id='word_1_256' title='bbox 362 3893 469 3949; x_wconf 73' lang='lat' dir='ltr'><strong>al&#39;edit</strong></span> <span class='ocrx_word' id='word_1_257' title='bbox 487 3904 583 3949; x_wconf 86' lang='lat' dir='ltr'><strong>contre</strong></span> <span class='ocrx_word' id='word_1_258' title='bbox 601 3893 641 3948; x_wconf 89' lang='lat' dir='ltr'><strong>les</strong></span> <span class='ocrx_word' id='word_1_259' title='bbox 660 3892 847 3966; x_wconf 83' lang='lat' dir='ltr'><strong>images‚‚qui</strong></span> <span class='ocrx_word' id='word_1_260' title='bbox 866 3909 901 3945; x_wconf 91' lang='lat' dir='ltr'><strong>ne</strong></span> <span class='ocrx_word' id='word_1_261' title='bbox 920 3890 964 3944; x_wconf 82' lang='lat' dir='ltr'><strong>fut</strong></span> <span class='ocrx_word' id='word_1_262' title='bbox 981 3887 1070 3944; x_wconf 89' lang='lat' dir='ltr'><strong>reudu</strong></span> <span class='ocrx_word' id='word_1_263' title='bbox 1086 3889 1170 3963; x_wconf 88' lang='lat' dir='ltr'><strong>qu&#39;en</strong></span> <span class='ocrx_word' id='word_1_264' title='bbox 1186 3886 1252 3964; x_wconf 77' lang='lat'><strong>730,</strong></span> 
     </span>
     <span class='ocr_line' id='line_1_32' title="bbox 189 3978 1256 4056; baseline -0.005 -20"><span class='ocrx_word' id='word_1_265' title='bbox 189 3984 311 4056; x_wconf 87' lang='lat' dir='ltr'><strong>quoique</strong></span> <span class='ocrx_word' id='word_1_266' title='bbox 324 3983 489 4056; x_wconf 86' lang='lat' dir='ltr'><strong>l&#39;empereur</strong></span> <span class='ocrx_word' id='word_1_267' title='bbox 502 3982 551 4037; x_wconf 80' lang='lat' dir='ltr'><strong>erit</strong></span> <span class='ocrx_word' id='word_1_268' title='bbox 567 3984 725 4037; x_wconf 72' lang='lat' dir='ltr'><strong>commence</strong></span> <span class='ocrx_word' id='word_1_269' title='bbox 736 3985 751 4035; x_wconf 72' lang='lat' dir='ltr'><strong>a</strong></span> <span class='ocrx_word' id='word_1_270' title='bbox 764 3980 803 4035; x_wconf 80' lang='lat' dir='ltr'><strong>les</strong></span> <span class='ocrx_word' id='word_1_271' title='bbox 813 3991 940 4054; x_wconf 85' lang='lat' dir='ltr'><strong>attaquer</strong></span> <span class='ocrx_word' id='word_1_272' title='bbox 950 3978 998 4033; x_wconf 69' lang='lat' dir='ltr'><strong>des</strong></span> <span class='ocrx_word' id='word_1_273' title='bbox 1014 3995 1077 4055; x_wconf 79' lang='lat'><strong>727.</strong></span> <span class='ocrx_word' id='word_1_274' title='bbox 1090 3979 1127 4034; x_wconf 87' lang='lat' dir='ltr'><strong>La</strong></span> <span class='ocrx_word' id='word_1_275' title='bbox 1143 3978 1256 4051; x_wconf 72' lang='lat' dir='ltr'><strong>depoti-</strong></span> 
     </span>
     <span class='ocr_line' id='line_1_33' title="bbox 190 4067 1255 4147; baseline -0.004 -22"><span class='ocrx_word' id='word_1_276' title='bbox 190 4073 250 4127; x_wconf 88' lang='lat' dir='ltr'><strong>tion</strong></span> <span class='ocrx_word' id='word_1_277' title='bbox 263 4073 297 4128; x_wconf 91' lang='lat' dir='ltr'><strong>de</strong></span> <span class='ocrx_word' id='word_1_278' title='bbox 309 4074 457 4142; x_wconf 90' lang='lat' dir='ltr'><strong>Germain,</strong></span> <span class='ocrx_word' id='word_1_279' title='bbox 472 4073 629 4147; x_wconf 83' lang='lat' dir='ltr'><strong>patriarche</strong></span> <span class='ocrx_word' id='word_1_280' title='bbox 636 4071 672 4126; x_wconf 82' lang='lat' dir='ltr'><strong>tle</strong></span> <span class='ocrx_word' id='word_1_281' title='bbox 680 4069 924 4143; x_wconf 85' lang='lat' dir='ltr'><strong>Constantinople,</strong></span> <span class='ocrx_word' id='word_1_282' title='bbox 939 4079 987 4123; x_wconf 88' lang='lat' dir='ltr'><strong>eut</strong></span> <span class='ocrx_word' id='word_1_283' title='bbox 998 4067 1056 4125; x_wconf 89' lang='lat' dir='ltr'><strong>lien</strong></span> <span class='ocrx_word' id='word_1_284' title='bbox 1065 4068 1091 4124; x_wconf 86' lang='lat' dir='ltr'><strong>le</strong></span> <span class='ocrx_word' id='word_1_285' title='bbox 1104 4087 1134 4144; x_wconf 75' lang='grc' dir='ltr'>η</span> <span class='ocrx_word' id='word_1_286' title='bbox 1146 4067 1255 4140; x_wconf 76' lang='lat' dir='ltr'><strong>januiea·</strong></span> 
     </span>
     <span class='ocr_line' id='line_1_34' title="bbox 191 4161 1054 4237; baseline -0.005 -19"><span class='ocrx_word' id='word_1_287' title='bbox 191 4161 258 4237; x_wconf 83' lang='lat'><strong>750,</strong></span> <span class='ocrx_word' id='word_1_288' title='bbox 273 4175 302 4218; x_wconf 86' lang='lat' dir='ltr'><strong>et</strong></span> <span class='ocrx_word' id='word_1_289' title='bbox 312 4182 361 4219; x_wconf 86' lang='lat' dir='ltr'><strong>sou</strong></span> <span class='ocrx_word' id='word_1_290' title='bbox 371 4163 585 4237; x_wconf 86' lang='lat' dir='ltr'><strong>remplacement</strong></span> <span class='ocrx_word' id='word_1_291' title='bbox 596 4182 646 4237; x_wconf 87' lang='lat' dir='ltr'><strong>par</strong></span> <span class='ocrx_word' id='word_1_292' title='bbox 656 4165 787 4219; x_wconf 69' lang='lat' dir='ltr'><strong>Anasmse</strong></span> <span class='ocrx_word' id='word_1_293' title='bbox 800 4163 865 4235; x_wconf 86' lang='lat' dir='ltr'><strong>cinq</strong></span> <span class='ocrx_word' id='word_1_294' title='bbox 873 4161 952 4234; x_wconf 76' lang='lat' dir='ltr'><strong>joun</strong></span> <span class='ocrx_word' id='word_1_295' title='bbox 964 4161 1054 4234; x_wconf 71' lang='lat' dir='ltr'><strong>apres.</strong></span> 
     </span>
    </p>
   </div>
   <div class='ocr_carea' id='block_1_4' title="bbox 0 0 1462 4958">
    <p class='ocr_par' dir='ltr' id='par_1_6' title="bbox 0 0 1462 4958">
     <span class='ocr_line' id='line_1_35' title="bbox 0 0 1462 4958; baseline 0 0"><span class='ocrx_word' id='word_1_296' title='bbox 0 0 1462 4958; x_wconf 95' lang='lat' dir='ltr'><strong> </strong></span> 
     </span>
    </p>
   </div>
  </div>
 </body>
</html>
