2894 4958
186 395 247 458 428
463 393 648 457 utsuonlt
669 394 972 458 ecctssltsrtct.

186 514 366 590 excitavit.
382 513 475 587 Num
490 517 578 588 dum
587 516 794 588 Ravennam
807 529 1062 605 reverteretur,
1077 519 1198 591 tenuit
1207 520 1255 593 ci-

187 632 314 703 vitales
328 657 442 730 quaea
463 629 705 730 Langobardis
721 630 948 722 tenebantur,
969 633 1134 705 Sutrium
1152 635 1253 708 vide-

186 746 272 818 licet
300 772 340 818 ac
370 745 640 834 Polimartium,
667 746 866 837 Ameriam,
894 748 1075 821 Perusiam
1105 765 1145 822 et
1173 750 1253 822 alias

186 865 320 962 plures.
344 863 449 938 Unde
470 864 647 965 Agilulsus
670 892 733 938 rex
762 865 863 939 valde
893 866 1002 938 iratus
1030 892 1115 939 cum
1137 865 1253 940 valido

186 981 347 1054 exercitu
362 983 542 1055 Perusiam
560 983 684 1080 petiit,
701 980 821 1082 ibique
840 982 1096 1056 Mourisionem
1110 984 1253 1081 Lango-

185 1097 382 1172 bardorum
399 1098 547 1188 dueem,
570 1100 633 1199 qui
656 1126 692 1173 se
714 1101 885 1173 Romanis
907 1100 1120 1189 tradiderat,
1149 1098 1253 1173 obse-

187 1214 260 1306 dit,
288 1233 324 1290 et
347 1232 430 1316 post
453 1216 591 1317 aliquot
611 1217 685 1289 dies
703 1232 846 1316 captum
870 1217 1060 1291 confestim
1085 1218 1248 1315 peremit.

188 1337 271 1407 Non
295 1333 412 1407 multo
432 1348 515 1432 post
538 1331 601 1405 ubi
624 1334 794 1406 Ticinum
817 1332 1017 1432 repedavit,
1037 1330 1146 1406 beato
1169 1358 1252 1432 papa

189 1449 367 1552 Gregorio
379 1467 598 1550 procurante
610 1476 693 1524 oum
703 1450 870 1525 Romanis
880 1449 1120 1522 firmissimam
1132 1476 1252 1549 paoem

188 1569 337 1667 pepigit.

238 1685 376 1759 Eodem
389 1701 551 1786 tempore
562 1685 687 1760 beatus
703 1713 793 1786 papa
809 1687 1003 1786 Gregorius
1019 1686 1121 1758 misit
1136 1710 1251 1759 servos

189 1803 278 1893 Dei,
311 1804 510 1893 Mellitum,
535 1805 777 1904 Augustinnm
811 1819 847 1877 et
873 1804 1071 1891 loannem,
1098 1820 1138 1877 et
1168 1804 1250 1875 alios

189 1919 309 2020 plures
321 1922 466 1994 cumeis
479 1922 643 1995 timentes
655 1921 870 2011 Dominum,
887 1928 925 1991 in
939 1919 1197 2019 praedicatione
1212 1918 1253 1990 ad

188 2052 333 2136 gentem
357 2036 579 2136 Anglorum,
601 2053 644 2110 ut
667 2052 893 2112 converteret
908 2062 968 2110 eos
990 2036 1033 2108 ad
1057 2038 1253 2111 Dominum

189 2169 354 2228 nostrum
370 2153 491 2227 Jesum
507 2153 703 2226 Christum.
720 2154 805 2226 Post
820 2153 933 2225 multa
946 2170 984 2226 et
999 2179 1127 2252 magna
1148 2178 1253 2251 opera

189 2269 228 2343 in
239 2269 381 2342 basilica
391 2269 485 2344 beati
498 2272 594 2344 Petri
609 2271 760 2370 apostoli
774 2285 857 2344 ante
868 2271 1095 2345 secretarium
1109 2285 1164 2343 1v⁰
1179 2270 1254 2342 idus

189 2386 309 2459 martii
331 2387 489 2485 sepultus
511 2402 576 2461 est.
602 2388 670 2459 llic
696 2382 878 2461 ordinavit
902 2387 1087 2487 episcopos
1109 2414 1178 2486 per
1196 2385 1253 2459 di-

188 2529 287 2576 versa
301 2502 376 2576 loca
391 2527 486 2594 txn,
503 2519 538 2578 et
552 2505 698 2577 cessavit
708 2504 930 2604 episcopatus
942 2501 1126 2577 mensibus
1140 2529 1165 2578 v
1181 2502 1255 2577 die-

188 2618 255 2690 bus
271 2619 394 2717 xvn1(
419 2620 449 2718 ).

222 3002 261 3071 (a)
278 2998 311 3071 (3
323 3001 479 3074 septembre
491 2998 593 3074 590·ra
606 3017 678 3054 mars
689 2998 765 3068 604.)
783 2998 823 3055 Ce
839 2999 909 3053 n’est
920 2999 1000 3071 point
1010 2997 1036 3052 le
1052 2998 1121 3070 pene
1138 2997 1174 3053 de
1186 2999 1254 3053 saint

187 3091 341 3166 Gregoire,
360 3094 429 3147 mais
442 3092 587 3147 lui-meme
599 3093 647 3166 qui
660 3091 703 3146 sut
716 3093 829 3163 preteur
840 3089 874 3145 de
887 3089 985 3144 Rome.
997 3088 1054 3143 Son
1064 3089 1210 3162 pontificat
1221 3107 1255 3143 ne

187 3180 379 3254 correspondit
395 3200 443 3255 pas
461 3201 496 3235 au
515 3183 599 3255 regne
616 3180 651 3235 de
670 3180 772 3234 Tibere
787 3179 966 3246 Constantia,
987 3179 1055 3232 mais
1069 3177 1223 3233 seulement
1239 3180 1254 3231 t

187 3289 253 3326 ceux
266 3269 301 3325 de
318 3272 440 3326 Maurice
450 3282 478 3325 et
490 3270 525 3326 de
534 3271 651 3325 Phocas.
666 3271 717 3334 Les
727 3287 859 3341 ouvrages
870 3267 905 3324 de
918 3279 962 3323 cet
974 3267 1082 3322 illustre
1092 3266 1209 3322 docteur
1221 3265 1255 3320 de

187 3346 298 3432 l’Rglise
315 3368 365 3414 ont
376 3361 420 3414 ete'
433 3359 527 3413 reunls
538 3377 573 3413 en
588 3362 604 3425 4
616 3357 736 3413 volumes
748 3356 862 3412 infolio
872 3359 882 3427 (
888 3357 981 3421 Paris,
1000 3352 1088 3430 1705).
1100 3353 1254 3410 L'additiou

187 3448 253 3503 faite
266 3467 315 3522 par
327 3447 367 3502 lui
382 3468 434 3503 aux
449 3448 554 3521 paroles
571 3447 610 3502 du
624 3465 712 3503 canon
730 3458 794 3515 eut,
810 3446 919 3514 dit-on,
932 3465 1004 3519 pour
1013 3464 1107 3514 cause,
1122 3444 1163 3501 les
1175 3443 1254 3519 pc'rik

187 3535 223 3591 de
232 3536 321 3591 Rome
334 3536 456 3610 pendant
469 3537 495 3592 le
504 3538 577 3609 siege
588 3536 623 3591 de
633 3546 704 3591 cette
714 3535 776 3590 ville
786 3556 835 3609 par
844 3535 975 3608 Agilulle.
987 3536 1024 3589 Le
1033 3536 1140 3608 patriae
1151 3535 1254 3589 romain

186 3624 230 3679 fut
243 3645 362 3700 exarque
381 3626 416 3681 de
431 3625 484 3700 590
501 3630 517 3681 a
533 3625 601 3702 597,
617 3636 645 3681 et
665 3627 803 3681 contraria
822 3635 1023 3680 consumment
1039 3624 1078 3678 les
1094 3623 1253 3679 demarchos

187 3716 336 3791 pacifiques
352 3716 387 3772 de
399 3717 471 3772 saint
484 3717 629 3791 Gregoire.
643 3718 693 3772 Les
705 3716 782 3773 villes
793 3719 934 3771 nommees
950 3717 986 3770 ici
1000 3726 1062 3770 sont
1076 3714 1255 3788 aujourd'hoi

187 3803 280 3874 Sutri,
295 3808 439 3875 Bomarto,
453 3808 561 3864 Amelia
573 3819 602 3863 et
613 3809 743 3863 Perouse.
762 3809 812 3863 Les
828 3810 1002 3863 &venements
1019 3808 1069 3880 qui
1086 3806 1127 3861 les
1144 3825 1254 3862 concer-
1272 3834 1273 3837 =

186 3903 255 3948 nent
266 3907 330 3951 sont
339 3896 374 3953 de
383 3897 452 3971 595,
465 3918 572 3954 comme
584 3897 610 3953 le
619 3900 693 3971 siege
704 3897 739 3953 de
748 3898 846 3965 Rome,
859 3898 907 3973 qui
921 3916 955 3953 en
969 3897 1046 3952 futla
1055 3898 1146 3964 suite;
1160 3898 1186 3951 la
1195 3897 1255 3970 paix

188 4000 251 4038 *vec
263 3984 303 4040 les
315 3988 464 4048 lombards
476 3991 552 4045 n'eut
563 3991 620 4045 lieu
630 3991 713 4064 qu’eu
724 3988 786 4064 598.
798 3989 852 4044 Sur
864 3988 889 4044 la
899 3989 1011 4042 mission
1025 3987 1060 4042 de
1072 3988 1146 4042 saint
1155 3988 1254 4043 Austia

238 4072 265 4129 le
277 4093 319 4131 ses
330 4095 516 4153 compagnons
527 4100 563 4136 en
574 4081 754 4154 Angleterre,
769 4098 850 4152 royez
862 4077 1012 4146 ci-dessus,
1026 4076 1046 4130 l.
1057 4086 1098 4145 1⁶¹,
1108 4096 1138 4151 p.
1154 4074 1215 4144 135,
1228 4086 1255 4130 et

250 4165 406 4223 utombmu
414 4168 449 4223 de
458 4171 528 4225 saint
535 4171 673 4242 Gregoire
684 4169 752 4226 dans
759 4168 862 4241 l’eglise
870 4167 904 4224 de
913 4166 1108 4234 saint-Plena,
1119 4165 1254 4239 Aringhi,
