2894 4958
546 359 662 420 11111
682 361 892 422 1101111111.
1195 366 1255 443 aar

184 475 274 552 Erat
291 491 410 551 autem
427 477 592 552 doctrina
615 504 741 551 eorum
765 493 952 578 111111,οῑ
975 497 1101 555 contra
1126 482 1255 557 Domi*

185 622 278 667 num
297 610 403 695 atque
419 592 613 693 prophetas
636 593 774 668 lethalis
797 592 1028 696 blasphemiae
1051 597 1170 697 plena.
1191 603 1256 674 ln*

184 711 433 813 gredientibus
452 713 489 784 in
508 711 687 785 Persidem
708 712 903 812 apostolis,
922 713 1146 788 Warardach
1164 745 1255 817 prae·

184 830 303 904 fectus
329 845 365 903 et
393 828 467 902 dux
494 831 587 929 regis
609 827 896 928 Babyloniorum
923 832 1072 905 nomine
1101 834 1252 925 Xerxis,

185 949 367 1037 occurrit,
387 949 448 1047 qui
471 963 598 1021 contra
624 947 732 1021 Indos
756 947 887 1019 finium
904 939 1056 1022 Persidis
1074 951 1256 1027 invasores

185 1063 325 1140 bellum
352 1080 565 1165 susceperat.
598 1065 882 1139 Advenientibus
916 1083 1035 1141 autern
1064 1059 1253 1168 apostolis,

185 1180 390 1269 daemonia,
410 1206 492 1281 quae
508 1180 655 1281 singulis
673 1179 919 1254 mansionibus
939 1179 1072 1255 dabant
1087 1211 1255 1283 responsa

184 1325 261 1373 suae
280 1297 430 1372 fallaciae
445 1295 745 1385 sacrificantibus,
766 1296 1042 1372 obmutuerunt.
1059 1301 1164 1375 Unde
1181 1303 1256 1375 cul-

143 1438 147 1445 ·
186 1432 286 1489 tores
304 1442 430 1489 eorum
444 1414 488 1486 ad
503 1414 630 1486 fanum
648 1413 776 1486 vicinae
791 1414 944 1487 civitatis
961 1433 1147 1516 pergentes
1165 1443 1258 1492 con-

185 1516 391 1607 suluerunt.
414 1534 530 1606 Porro
544 1531 689 1606 daemon
706 1531 885 1633 mugitum
903 1533 1176 1608 consulentibus
1197 1535 1257 1609 de-

185 1649 256 1740 dit,
264 1667 299 1725 et
312 1649 423 1751 quod,
439 1648 676 1750 praesentibus
687 1649 856 1748 apostolis
865 1651 929 1723 Dei
941 1650 1088 1725 Simone
1103 1669 1137 1725 et
1151 1652 1255 1742 Juda,

185 1767 237 1841 dii
262 1791 394 1842 eorum·
415 1768 516 1868 loqui
539 1792 615 1840 uon
634 1783 800 1865 possent,
825 1766 1018 1840 intimavit.
1040 1770 1144 1842 Tunc
1162 1771 1258 1844 Wa-

185 1882 338 1957 mdach
357 1882 431 1955 dux
455 1883 635 1983 apostolos
658 1883 793 1982 inquiri
809 1880 917 1971 fecit,
937 1884 1103 1956 inventos
1120 1885 1182 1985 qui
1200 1912 1256 1959 es-

186 2015 268 2075 sent
279 2053 291 2088 ,
316 1999 373 2072 101
392 1999 487 2072 unde
505 2000 684 2072 venissent
702 1999 960 2100 interrogavit,
983 2025 1113 2101 eosque
1134 2000 1179 2074 de
1195 2029 1258 2102 ge*

185 2115 843 2193 nereHebraeorumcommuniscausa
855 2116 1257 2193 salutisillucadvenisse

185 2233 335 2307 audivit.
357 2234 520 2334 Cumque
539 2232 602 2307 illo
621 2246 770 2333 rogante
792 2247 835 2304 ut
858 2231 926 2305 diis
947 2234 1018 2306 suis
1042 2249 1257 2333 potestatem

185 2349 425 2453 respondendi
439 2348 586 2438 darent,
601 2363 637 2422 et
651 2349 702 2420 illi
715 2347 792 2420 fusa
806 2348 970 2423 oratione
987 2349 1252 2453 permisissent,

185 2466 332 2541 fanatici
346 2493 472 2543 eorum
488 2467 656 2565 protinus
669 2493 689 2538 a
706 2464 932 2541 daemonibus
949 2467 1083 2566 arrepti
1098 2485 1205 2561 sunt,
1221 2486 1257 2543 et

184 2583 321 2686 grande
348 2583 486 2658 bellum
515 2581 701 2670 futurum,
732 2599 839 2685 atque
864 2583 999 2657 multos
1028 2610 1072 2657 ex
1103 2600 1256 2686 utraque

184 2717 287 2801 parte
304 2728 447 2776 casuros
467 2727 540 2775 esse
560 2701 744 2773 vaticinati
770 2716 866 2773 sunt.
895 2698 1110 2774 Ridentibus
1134 2719 1256 2777 autem

184 2818 377 2919 apostolis,
396 2819 469 2892 dux
487 2819 633 2892 territus
651 2834 724 2907 est,
749 2817 810 2891 sed
832 2818 916 2917 ipsis
933 2816 1252 2916 persuadentibus,

185 2935 321 3038 legatos
337 2937 432 3036 pacis
453 2961 566 3036 usque
589 2935 628 3007 in
651 2935 848 3006 crastinum
870 2931 1004 3005 ibidem
1027 2935 1254 3031 praestolatus

185 3068 250 3129 est.
271 3054 387 3128 Porro
407 3051 569 3151 profanis
592 3047 827 3149 pontificibus
853 3049 890 3120 in
915 3049 1094 3146 apostolos
1118 3064 1255 3124 stoma-

185 3169 376 3245 chantibus
386 3224 397 3257 ,
417 3184 454 3242 et
472 3193 672 3267 pannosos,
690 3166 847 3266 vilesque
865 3191 1033 3265 personas
1052 3167 1147 3240 inter
1163 3169 1252 3241 divi·

184 3268 493 3389 tiasbabylonicas
507 3289 582 3358 non
595 3282 725 3357 debere
742 3282 863 3382 loqui,
878 3282 935 3356 vel
952 3281 1086 3372 audiri,
1105 3309 1255 3359 asseren-

185 3405 305 3494 tibus,
334 3403 405 3476 dux
436 3400 617 3500 apostolos
649 3415 684 3472 et
713 3425 860 3473 vesanos
887 3398 1048 3473 flamines
1074 3425 1187 3500 usque
1213 3404 1251 3475 in

185 3524 383 3598 crastinum
406 3517 579 3594 custodiri
600 3517 792 3616 praecepit,
812 3516 935 3616 ibique
950 3517 1148 3616 apostolico
1166 3544 1253 3593 con·

184 3641 284 3716 sultu
299 3641 436 3714 exitum
454 3637 507 3710 rei
521 3634 771 3709 consideravit.

230 3753 405 3856 Sequenti
429 3752 487 3825 dic
508 3750 661 3824 verbum
677 3746 924 3849 apostolorum
943 3749 1166 3848 completum
1182 3768 1249 3823 est.

183 3872 314 3948 Nuntii
340 3869 438 3944 enim
460 3867 561 3941 ducis
583 3892 665 3939 oum
688 3865 810 3965 legatis
835 3861 1010 3938 ludorum
1029 3864 1252 3940 velocissimo

183 4016 294 4064 0111111
306 3988 345 4061 111
355 3985 536 4060 dromedis
546 3983 678 4083 reversi
692 3997 797 4070 sunt,
815 3997 853 4055 et
863 3982 985 4056 omnia
1004 3982 1051 4054 ita
1068 4007 1142 4055 esse
1160 3983 1254 4054 sicut
1378 4045 1381 4049 ,

183 4105 337 4208 apostoli
362 4103 542 4204 prosecuti
564 4101 708 4177 fuerant
728 4086 1000 4173 nuntiareru'nt.
1025 4095 1121 4171 Nam
1142 4112 1253 4171 terras

258 4253 286 4298 1.
408 4253 409 4256 “
1060 4242 1106 4290 22
