2894 4958
186 470 246 533 tot
458 467 643 530 ntstottta
665 465 971 530 ECCLFSIASTICA.

187 606 303 675 trum,
326 586 433 659 multi
454 585 664 662 Judaeorum
685 601 723 661 et
737 586 928 687 gentilium
944 584 1191 662 crediderunt.
1209 585 1252 661 Et

187 705 270 806 quia
294 703 390 776 inter
412 703 513 775 initia
535 704 644 803 primi
669 705 801 777 mensis
824 702 900 777 lraec
923 718 1019 804 gesta
1041 720 1149 793 sunt,
1172 703 1250 778 dato

185 820 335 895 nomine
349 820 387 892 in
398 817 528 892 Pascha
538 818 707 919 baptisati
721 835 819 892 sunt.
833 821 884 892 Ex
895 835 983 893 tunc
994 821 1110 920 coepit
1121 845 1248 895 nomen

186 937 333 1011 Domini
351 933 397 1008 ab
417 936 517 1011 omni
539 936 677 1037 populo
697 961 850 1012 romano
867 937 1088 1038 magnificari
1106 938 1148 1011 'et
1166 937 1249 1012 lide·

188 1053 279 1126 lium
297 1080 385 1154 grex
410 1055 448 1126 in
473 1068 554 1127 toto
579 1053 718 1126 mundo
742 1053 942 1128 confortari
965 1069 1003 1128 et
1024 1053 1165 1155 ubique
1188 1055 1247 1128 Dei

187 1173 321 1245 virtute
336 1169 531 1245 admodum
543 1172 703 1247 exaltari.

237 1286 406 1360 silvester
417 1311 506 1385 papa
517 1313 562 1361 ex
574 1303 757 1387 praecepto
767 1288 997 1361 Constantini
1008 1312 1173 1362 cccxvrrr
1182 1289 1247 1387 epi·

187 1429 315 1503 scopos
339 1405 377 1477 in
402 1403 523 1477 Nicaea
547 1403 729 1505 Bithyniae
756 1406 1010 1507 congregavit,
1038 1422 1076 1480 et
1101 1407 1142 1479 in
1167 1404 1247 1499 urbe

143 1535 146 1540 '
187 1524 302 1596 Roma
329 1545 502 1596 cctxxvrr
528 1523 697 1622 praesules
722 1523 767 1597 ad
794 1523 989 1598 concilium
1019 1524 1161 1596 ascivit.
1190 1523 1247 1595 Hic

187 1641 377 1716 constituit
388 1656 431 1713 ut
446 1640 568 1713 nullus
587 1640 695 1714 laicus
714 1641 845 1717 clerico
862 1643 1000 1715 crimen
1015 1641 1165 1715 inferat.
1183 1641 1248 1740 (lp-

185 1783 325 1855 pressus
330 1755 468 1855 judices
479 1782 570 1857 quos
583 1757 730 1857 elegerit
743 1756 882 1832 lrabeat.
899 1758 1049 1830 Diaconi
1059 1756 1247 1829 dalmaticis

186 1888 351 1962 utantur,
370 1892 406 1948 et
420 1874 530 1974 pallio
543 1874 731 1949 linostimo
746 1899 873 1948 eorum
890 1875 977 1948 laev'a
996 1890 1154 1974 tegatur.
1169 1871 1248 1947 Nul-

186 1991 242 2065 lus
268 1991 417 2066 clericus
444 2016 513 2091 pro
536 2017 637 2064 causa
662 1990 823 2091 qualibet
848 1992 887 2065 in
912 1992 1050 2064 curiam
1076 1992 1245 2075 introeat,

186 2133 253 2181 nec
268 2123 352 2182 ante
359 2107 519 2207 judicem
534 2108 603 2181 nisi
617 2108 655 2180 in
668 2107 825 2180 Ecclesia
838 2133 978 2180 causam
990 2106 1101 2180 dicat.
1120 2103 1248 2179 Sacrifi-

186 2225 281 2296 cium
296 2223 416 2296 altaris
433 2222 476 2296 ad
487 2225 631 2295 missam
649 2249 723 2297 non
738 2225 852 2299 serico
866 2251 983 2326 neque
999 2251 1126 2324 panno
1144 2226 1247 2296 tincto

187 2337 402 2428 celebretur,
420 2338 533 2413 sedin
550 2341 648 2414 lineo
664 2355 828 2429 tanturn,
843 2341 968 2414 sicuta
980 2340 1118 2440 loseph
1131 2365 1248 2439 corpus

186 2456 335 2530 Domini
353 2457 534 2556 sepultum
550 2456 694 2556 legitur.
714 2456 750 2528 Si
762 2456 847 2557 quis
866 2454 947 2527 vult
958 2445 1001 2528 in
1017 2456 1180 2530 Ecclesia
1192 2455 1249 2528 mi·

188 2571 292 2645 litare
318 2571 374 2645 vel
402 2571 596 2669 proficere,
625 2573 671 2645 sit
696 2571 811 2646 lector
838 2597 953 2646 annos
979 2597 1054 2663 xx,
1083 2573 1248 2649 exorcista

188 2686 262 2760 dies
280 2711 372 2775 xxx,
391 2687 553 2787 acolytus
568 2687 671 2759 annis
689 2710 732 2781 v,
748 2683 986 2762 subdiaconus
998 2687 1108 2760 annis
1125 2714 1170 2777 v,
1186 2686 1247 2760 dia·

189 2829 301 2878 conus
318 2805 421 2876 annis
439 2827 510 2892 vrr,
528 2805 719 2905 presbyter
734 2803 837 2876 annis
853 2827 919 2895 rrr,
934 2820 972 2877 ct
983 2819 1131 2903 postea,
1144 2806 1173 2877 si
1188 2829 1248 2876 me·

188 2936 303 3007 retur,
320 2919 590 3020 fiatepiseopus.
603 2921 765 3021 Denique
775 2919 957 3008 silvester,
973 2936 1058 3019 post
1068 2921 1247 2995 innumera

188 3035 298 3125 bona,
314 3047 356 3108 rr⁰
369 3034 439 3108 lral.
450 3036 607 3134 januarii
620 3032 726 3123 obiit,
738 3049 775 3108 et
787 3036 935 3110 cessavit
947 3035 1247 3137 episcopatusdie·

190 3150 258 3224 bus
275 3153 400 3250 ccxv(
427 3153 456 3248 ).
528 3238 533 3249 ι

239 3269 381 3341 Marcus
389 3270 586 3357 Romanus,
598 3295 641 3342 err
654 3284 754 3368 patre
763 3268 899 3357 Prisco,
909 3267 1115 3343 seditannis
1126 3294 1154 3343 ιι
1163 3293 1246 3343 meo·

190 3383 288 3457 sibus
304 3405 367 3458 vrrt
384 3381 509 3457 diebus
520 3408 584 3456 xx.
603 3384 671 3456 Hic
684 3383 769 3456 duas
785 3382 945 3456 basilicas
958 3383 1066 3472 fecit,
1082 3411 1190 3459 unam
1200 3383 1244 3454 ria

190 3501 382 3576 Ardeatina
401 3501 439 3572 in
452 3501 631 3575 cimiterio
646 3498 825 3590 Balbinae,
838 3498 902 3572 ubi
915 3500 1131 3601 requiescit,
1143 3501 1244 3574 aliam·

225 3778 265 3849 (r)
283 3773 325 3845 (31
336 3776 443 3848 janvier
455 3771 554 3842 art-31
569 3771 715 3827 decembre
727 3770 800 3844 335.)
814 3773 891 3828 Tont
902 3789 998 3846 oeque
1010 3783 1196 3829 comantem
1204 3787 1238 3824 ra·

191 3876 272 3927 conte
282 3865 318 3920 de
327 3867 398 3921 saint
407 3864 536 3919 Silvestre
547 3872 590 3917 est
598 3862 681 3916 d’une
688 3861 806 3917 laussete
813 3860 954 3916 tellement
962 3859 1105 3935 palpable‚
1114 3882 1133 3936 y
1141 3858 1237 3930 compris

190 3956 216 4009 le
229 3953 367 4028 pretendu
382 3953 488 4009 concile
504 3952 540 4007 de
551 3951 655 4018 Rome,
669 3969 724 4024 quc
740 3967 810 4005 nous
822 3966 937 4022 croyons
953 3949 1054 4006 inutile
1070 3950 1107 4006 de
1117 3952 1144 4006 le
1154 3949 1235 4004 refutet

189 4064 225 4099 en
244 4042 337 4098 detail.
351 4043 375 4098 Il
389 4043 459 4097 n’est
472 4060 520 4114 pas
532 4037 622 4097 meme
634 4040 691 4094 vrai
708 4058 764 4113 que
779 4057 811 4094 ce
827 4039 880 4093 soit
896 4037 937 4091 lui
953 4038 1004 4112 qui
1022 4040 1063 4094 ait
1079 4037 1206 4112 eonvoqut
1216 4031 1233 4085 lt

190 4132 297 4190 concile
308 4132 344 4187 de
360 4132 454 4186 Nicee.
468 4131 524 4186 Son
537 4129 626 4203 grand
637 4129 687 4200 fige
701 4128 792 4211 nenlui
805 4138 885 4201 ayant
896 4144 945 4200 pat
958 4128 1064 4200 permis
1081 4128 1128 4203 d’y
1139 4119 1232 4186 aarum

191 4225 210 4280 it
226 4243 244 4296 y
263 4237 365 4292 envoya
377 4218 451 4273 deux
466 4217 573 4289 pretres
586 4217 621 4271 de
634 4234 684 4272 son
701 4215 786 4289 eglise
798 4234 869 4290 pour
879 4214 906 4270 le
918 4214 1084 4289 cemplaoer.
