2894 4958
276 373 316 433 tn
549 370 736 433 HISTORIA
756 370 1060 433 nectuntsrlct.

275 490 380 564 aunis
402 513 493 562 xxm
519 491 681 590 regnavit
699 490 775 590 (1);
799 493 900 592 cujus
925 499 1035 565 ιιιιιιο
1057 517 1155 568 anno
1177 491 1342 568 Christus

273 607 437 706 passione
453 633 513 680 sua
529 607 708 682 mundum
723 607 888 696 redemit,
907 609 993 682 Post
1014 624 1170 684 mortem
1191 611 1344 684 Herodis

275 722 458 824 Antipatri
487 724 702 800 Ascalonitae
735 724 871 824 prolis,
905 726 967 826 qui
1000 750 1133 799 xxxuu
1167 727 1271 800 annis
1303 727 1343 800 in

275 837 398 911 Judoea
413 864 566 939 regnum
578 840 783 938 usurpavit,
798 838 992 914 Archelaus
1006 839 1100 913 filius
1114 843 1189 940 ejus
1201 869 1225 914 x
1237 841 1342 914 annis

276 979 383 1052 super
404 954 546 1030 Judaeos
569 953 800 1057 tyrannidem
820 955 1000 1044 exercuit3
1024 958 1126 1055 cujus
1148 981 1217 1056 pro
1241 972 1343 1031 metu

273 1070 426 1171 loseph,
438 1089 481 1145 ut
491 1071 684 1147 Mattheus
695 1072 844 1161 astruit,
859 1088 1052 1173 postquam
1062 1072 1178 1174 angeli
1184 1076 1286 1172 Jussu
1299 1072 1344 1147 de

275 1190 435 1289 AEgppto
452 1188 578 1278 rediit,
598 1214 681 1261 cum
695 1214 810 1288 puero
827 1203 863 1262 et
878 1206 993 1263 matre
1010 1192 1085 1288 ejus
1103 1189 1140 1262 iu
1157 1189 1344 1264 Galilaeam

275 1305 433 1394 secessit,
452 1320 489 1379 et
504 1303 679 1379 Nazareth
696 1303 883 1379 habitavit.
899 1304 1094 1380 Archelaus
1105 1323 1226 1381 autem
1243 1334 1262 1380 a
1278 1309 1344 1381 Ju-

276 1420 382 1514 daeis,
407 1421 456 1495 ob
474 1420 739 1497 intolerabilem
755 1423 865 1495 animi
884 1422 1131 1515 ferocitatem,
1150 1423 1244 1525 apud
1261 1424 1344 1497 Au-

275 1552 422 1638 gustum
437 1539 665 1629 criminatus,
682 1538 833 1629 decidit3
850 1556 887 1614 ct
902 1556 1042 1615 aeterno
1057 1540 1152 1641 apud
1164 1541 1345 1617 Viennam

276 1652 403 1728 Galliae
421 1654 550 1731 urbem
574 1657 683 1731 exilio
703 1657 866 1756 disperiit
891 1658 962 1757 (a).
987 1661 1153 1759 Regnum
1173 1684 1261 1732 vero
1278 1659 1345 1731 Ju-

275 1771 385 1863 daeae,
405 1799 480 1875 quo
497 1776 617 1848 minus
637 1774 794 1849 validum
811 1775 933 1866 fieret,
957 1775 1129 1849 fratribus
1153 1779 1228 1875 ejus
1248 1777 1345 1850 idem

144 1889 149 1906 ⁸
277 1890 457 1994 Augustus
473 1921 538 1994 per
555 1894 763 1968 tetrarchias
780 1893 941 1969 scindere
958 1895 1108 1968 curavit.
1127 1895 1243 1968 Porro
1256 1895 1345 1967 Pila-

277 2025 335 2083 tus
353 2022 421 2083 ιιιιο
438 2038 536 2086 anno
555 2010 692 2086 Tiberii
712 2012 860 2085 Caesaris
877 2010 1038 2085 Judaeam
1051 2012 1195 2101 missus,
1213 2037 1346 2111 procu-

277 2126 455 2200 rationem
478 2126 595 2228 gentis
620 2125 798 2225 suscepit,
824 2142 861 2200 et
884 2126 978 2198 inibi
1004 2154 1071 2225 per
1094 2152 1120 2200 x
1152 2125 1345 2200 continuos

277 2268 391 2316 annos
408 2240 580 2343 usquead
596 2242 714 2342 ipsum
730 2268 823 2341 pene
835 2241 947 2316 finem
963 2241 1100 2318 Tiberii
1120 2244 1342 2342 perduravit.

277 2359 457 2449 Herodes,
484 2357 670 2459 Philippus
704 2374 742 2433 et
776 2358 965 2459 Lysanias,
999 2374 1042 2429 ut
1070 2360 1183 2432 Lucas
1208 2359 1342 2450 refert,

278 2501 361 2547 cum
379 2475 443 2548 illo
459 2474 807 2576 Judaeam'regebant
816 2528 827 2564 ,
847 2473 913 2546 filii
926 2473 1078 2548 llerodis
1094 2475 1263 2565 senioris,
1278 2473 1346 2549 sub

278 2619 353 2693 quo
367 2593 545 2667 Dominus
558 2607 663 2666 natus
680 2607 733 2666 est
746 2591 830 2693 (3).
1342 2599 1345 2607 “

328 2710 445 2785 Omne
462 2725 625 2811 tempus,
650 2735 726 2811 quo
750 2710 928 2782 Dominus
948 2724 1074 2783 noster
1090 2709 1128 2782 in
1153 2708 1260 2782 terris
1278 2707 1346 2781 do-

278 2827 391 2900 cuisse
405 2823 635 2916 describitur,
652 2826 747 2899 intra
759 2823 988 2925 quadriennii
1002 2823 1113 2923 spatia
1126 2837 1343 2896 coarctatur.

279 2942 372 3016 Nam
404 2957 517 3035 tunc,
551 2957 594 3015 ut
622 2940 798 3041 Josephus
828 2938 962 3028 refert,
997 2936 1103 3011 Anna
1130 2935 1344 3027 deturbato,

278 3058 532 3158 pontificatum
557 3058 768 3133 ludaeorum
796 3084 862 3156 per
884 3056 1121 3130 successiones
1149 3069 1347 3128 tenuerunt

279 3174 431 3250 Ismahel
442 3175 537 3248 filius
549 3176 655 3265 Baffi,
673 3175 861 3249 Eleazarus
873 3173 1024 3247 Ananiae
1038 3172 1221 3273 pontificis
1235 3171 1344 3262 filius,

314 3518 353 3588 (1)
371 3516 409 3570 Le
420 3516 506 3587 regne
516 3513 551 3569 de
563 3512 691 3568 Tiberea
704 3513 748 3568 ete
759 3511 793 3567 de
803 3510 969 3584 vingt-deux
981 3517 1068 3564 auset
1079 3508 1195 3564 environ
1208 3514 1268 3580 sept
1277 3505 1349 3561 mois

280 3608 291 3678 l
297 3627 326 3683 ¹7
339 3607 406 3661 aofit
419 3605 501 3672 14-16
513 3621 585 3660 mars
595 3603 651 3680 37).
666 3606 704 3660 La
716 3613 791 3660 mort
806 3602 842 3658 de
854 3600 1043 3681 lesus-Christ
1053 3599 1211 3672 appartient
1223 3615 1258 3652 au
1270 3597 1349 3671 prins

281 3709 370 3771 temps
382 3696 417 3750 de
430 3694 481 3764 33,
494 3706 523 3751 et
535 3716 585 3770 par
598 3698 767 3769 consequent
778 3697 793 3749 t
804 3693 831 3748 la
843 3691 1040 3748 dix-huitieme
1053 3692 1141 3745 annes
1150 3688 1185 3744 de
1198 3706 1229 3744 ce
1239 3688 1346 3761 prince.

315 3788 354 3856 (a)
372 3783 640 3841 Herode-le-Grand
656 3803 673 3838 a
684 3784 770 3856 regne
782 3789 949 3853 trente-sept
961 3796 1010 3834 ans
1024 3781 1040 3832 e
1053 3777 1142 3851 partis
1151 3775 1189 3831 de
1198 3791 1247 3830 son
1258 3772 1348 3828 eleva-

282 3877 343 3931 tion
354 3893 390 3929 au
401 3874 482 3931 trous
499 3892 549 3947 par
561 3873 587 3929 le
598 3876 690 3941 senat,
708 3883 737 3927 et
749 3880 954 3945 trente-quatre
966 3885 1015 3924 ans
1027 3866 1126 3941 depuis
1136 3865 1163 3920 la
1174 3873 1249 3919 mort
1260 3863 1349 3919 d’An-

282 3964 386 4037 tigone.
400 3962 425 4018 ll
437 3973 479 4018 est
490 3973 565 4018 mort
576 3982 612 4018 en
625 3960 677 4039 750
688 3960 724 4016 de
737 3959 836 4016 Rome.
850 3957 1003 4015 Archelaiis
1015 3975 1031 4012 a
1043 3957 1128 4029 regne
1136 3952 1266 4028 jusqu'en
1278 3951 1346 4030 759,

283 4065 310 4109 et
323 4073 373 4126 par
384 4054 554 4128 consequent
565 4052 613 4110 dix
624 4053 673 4110 ans
684 4052 865 4107 commences.

317 4141 355 4214 (3)
374 4145 439 4199 Luc.
456 4161 512 4212 111,
531 4163 552 4198 1.
