2916 4958
196 388 254 449 198
466 384 651 446 nlsuotua
671 380 976 446 uccsmssllcs.

242 504 384 577 Dimissi
406 503 451 576 ad
470 527 553 577 suos
568 517 768 592 venerunt,
788 518 825 576 et
842 528 924 603 quae
948 501 1016 574 sibi
1033 503 1259 605 contigerant

193 621 243 696 eis
273 621 592 716 annuntiaverunt.
626 620 697 715 Qui
724 645 808 693 cum
835 617 1034 710 audissent,
1064 644 1192 696 vocem
1216 621 1259 695 ad

191 740 391 816 Dominum
417 740 640 814 unanimiter
667 738 891 827 levaverunt,
921 752 958 812 et
983 737 1112 813 ardore
1134 739 1261 814 divino

194 856 403 930 inflammati
421 857 607 958 specialem
624 860 771 956 Deoquc
786 870 925 956 gratam
939 857 1143 932 orationem
1159 856 1260 934 fude-

193 989 293 1047 runt.
318 974 368 1047 Et
392 1000 475 1045 cum
492 989 672 1060 orassent,
694 988 815 1046 motus
832 988 886 1045 est
903 973 1003 1047 locus
1022 974 1059 1046 in
1077 999 1154 1075 quo
1167 999 1261 1047 con·

192 1090 384 1178 sistebant,
403 1117 600 1191 omnesque
618 1090 756 1190 Spiritu
781 1090 914 1164 Sancto
939 1090 1066 1190 repleti
1091 1106 1199 1181 sunt,
1224 1105 1261 1166 et

139 1293 142 1299 J
192 1205 330 1282 retibus
356 1231 465 1279 sacrae
487 1204 753 1303 predicationis
777 1203 912 1279 multos
937 1205 981 1280 de
1008 1205 1261 1305 profunditate

193 1347 359 1396 errorum
375 1319 419 1394 ad
432 1320 513 1394 fidei
524 1321 747 1421 justitiaeque
762 1321 884 1395 lumen
903 1337 1142 1396 attraxerunt.

241 1434 488 1509 Multitudinis
515 1435 739 1510 credentium
763 1451 840 1511 erat
859 1462 922 1510 cor
944 1462 1059 1509 unum
1080 1451 1118 1511 et
1140 1438 1260 1511 anima

194 1578 278 1624 una.
298 1550 400 1623 Nihil
416 1551 608 1649 proprium
624 1552 752 1652 aliquis
768 1552 992 1652 possidebat,
1018 1578 1136 1653 nespas
1158 1555 1263 1655 quis·

192 1694 300 1768 quam
322 1669 418 1741 inter
439 1667 519 1741 illos
540 1694 646 1771 egens
669 1684 759 1744 erat.
786 1668 915 1744 Omnia
939 1668 1009 1743 illis
1029 1684 1132 1743 erant
1156 1695 1262 1744 com·-

192 1786 329 1857 munia.
344 1785 565 1860 Posscssores
576 1785 771 1859 domorum
783 1802 845 1858 aut
857 1811 1027 1887 agrorum
1037 1785 1259 1876 vendebant,

192 1917 228 1976 et
251 1917 334 1975 ante
357 1899 465 2002 pedes
489 1902 737 2000 apostolorum
763 1901 878 2000 pretia
904 1927 1031 1976 eorum
1056 1900 1259 2002 ponebant.

190 2016 452 2091 Dividebautur
464 2033 584 2092 autem
601 2016 768 2117 singulis,
788 2034 898 2116 prout
912 2019 1041 2119 cuique
1058 2044 1150 2118 opus
1166 2032 1259 2091 erat.-

191 2132 364 2205 Primitus
392 2134 430 2204 in
458 2133 655 2206 Jerusalem
680 2131 843 2206 ordinata
870 2133 920 2207 sic
946 2135 1080 2209 effulsit
1107 2135 1259 2224 concio,

192 2253 293 2348 cujus
309 2263 385 2322 tota
401 2248 503 2322 coelis
520 2275 660 2348 semper
673 2249 845 2350 flagrabat
862 2252 1030 2325 intentio.
1049 2253 1157 2323 Hunc
1174 2277 1261 2326 oon·

191 2382 341 2441 ventum
359 2382 431 2439 tam
445 2366 649 2465 jocundum
670 2367 846 2442 dedicavit
868 2370 949 2451 diva
973 2368 1200 2459 benedictio,
1223 2384 1262 2444 et

191 2481 376 2557 bonorum
394 2482 478 2556 inde
497 2507 643 2556 morum
657 2483 763 2558 nobis
778 2484 870 2557 alma
886 2487 1045 2558 manavit
1060 2485 1257 2560 institutio.

191 2599 325 2698 Joseph
352 2597 397 2671 ab
422 2600 592 2698 apostolis
618 2601 892 2701 cognominatus
916 2599 1115 2690 Barnabas,
1144 2601 1262 2675 idest

181 2717 291 2818 filius
306 2717 588 2807 consolationis,
605 2716 746 2808 levites,
766 2717 920 2819 Cyprius
936 2742 1085 2818 genere,
1103 2742 1261 2818 promp-

193 2849 249 2908 tus
276 2834 318 2908 ad
340 2859 431 2934 opus
454 2832 613 2923 bonum,
638 2860 720 2906 cum
749 2832 897 2908 haberet
921 2859 1066 2935 agrum,
1094 2832 1262 2911 vendidit

192 2952 293 3024 illum
302 3005 313 3039 ,
331 2951 455 3023 attulit
468 2950 645 3050 pretium,
661 2966 699 3024 et
712 2965 795 3024 ante
811 2949 917 3050 pedes
934 2950 1055 3050 posuit
1071 2949 1261 3057 apostolo·

191 3095 274 3141 rum
293 3069 362 3167 (1).
388 3067 542 3141 Ananias
560 3084 678 3141 autem
702 3093 829 3168 agrum
849 3067 1031 3157 vendidit,
1057 3083 1094 3141 et
1116 3067 1260 3142 conscia

191 3211 304 3260 uxore
321 3210 382 3257 sua
399 3185 549 3258 nomine
564 3185 732 3284 Saphira,
750 3183 795 3258 de
817 3185 937 3283 pretio
957 3183 1033 3285 agri
1056 3181 1258 3272 fraudavit,

191 3317 228 3375 et
251 3301 402 3374 afferens
427 3315 567 3398 partem
588 3297 796 3400 quamdam,
820 3299 864 3372 ad
882 3298 988 3399 pedes
1009 3300 1261 3398 apostolorum

190 3417 325 3517 posuit.
340 3416 390 3490 Ut
406 3416 533 3490 Petrus
546 3414 709 3490 fraudem
721 3416 976 3515 perspiritum
989 3417 1162 3489 Sanctum
1179 3439 1262 3517 cog·

190 3534 313 3619 novit,
328 3531 602 3605 fraudulentum
610 3532 655 3606 de
667 3533 852 3607 mendacio
865 3534 1075 3633 increpavit.
1089 3532 1161 3626 Qui
1172 3558 1260 3608 mox

191 3665 233 3720 ut
249 3647 401 3747 apostoli
425 3646 717 3749 redargutionem
733 3648 886 3737 audivit,
905 3648 1035 3723 cecidit
1055 3664 1091 3722 et
1112 3649 1260 3749 expira-

189 3768 255 3839 vit.
274 3765 323 3838 Et
339 3780 420 3863 post
438 3766 594 3866 spatium
610 3774 709 3869 quasi
731 3768 842 3840 trium
858 3766 1048 3856 horarum,
1072 3793 1166 3841 uxor
1184 3770 1259 3866 ejus

224 4141 263 4211 (ι)
281 4141 347 4196 Act.
362 4151 451 4210 apost.
468 4158 504 4210 iv,
519 4138 611 4216 2s57.
625 4104 732 4212 (bande
743 4139 779 4198 33
792 4138 827 4198 dc
841 4141 906 4198 l‘tre
919 4140 1104 4212 obretienne.)
