2894 4958
565 399 684 469 tim
701 399 862 465 PMMUS.
894 420 898 427 ·
1206 398 1245 461 7³

233 526 417 624 Principes
436 522 662 609 sut-‚dotum
685 538 722 597 et
731 538 853 599 omne
869 521 1087 628 concilium,
1112 546 1248 620 quaere·

183 643 274 721 bont
288 640 817 745 falsumtestimotdumoontr'u
829 638 950 721 lesum
957 694 970 732 ‚
984 655 1026 712 ut
1039 665 1123 715 eum
1136 637 1247 713 morti

183 759 386 848 luderent3
403 773 444 833 et
459 784 535 833 non
553 750 790 847 inveneruns,'
814 782 897 831 cum
920 758 1025 830 multi
1047 757 1126 830 falsi
1143 771 1249 830 testes

184 868 423 950 secessissent.
448 876 617 974 Princeps
639 874 864 950 secerdotum
879 889 1018 949 tecente
1032 875 1116 948 Jesu
1132 873 1246 949 dixit:

183 995 335 1095 Adsum
353 1011 387 1066 ts
400 1020 472 1096 per
487 993 607 1065 Deum
627 995 767 1084 vivum,
792 1008 831 1066 ut
851 992 958 1066 dtcas
978 992 1082 1066 nobis
1097 994 1133 1064 si
1152 1006 1191 1063 tu
1213 1012 1250 1063 es

188 1111 357 1185 aristus
372 1110 492 1183 titus
508 1111 589 1183 Dei.
604 1106 702 1183 Dicit
718 1109 770 1183 illi
788 1111 892 1184 Jesut
912 1111 971 1182 Tu
981 1108 1134 1203 disu'sti.¹
1145 1104 1251 1180 'l'unc

184 1226 354 1326 princeps
379 1222 605 1301 suoesdotum
626 1222 731 1298 scidit
751 1224 963 1299 vestimentu
986 1249 1070 1312 suo,
1094 1222 1216 1297 dicens
1240 1250 1249 1293 ε

184 1337 484 1441 &epitomum
515 1338 608 1439 quid
629 1338 754 1414 udlsuc
777 1366 924 1439 egemus
948 1337 1129 1413 testibus?
1153 1336 1254 1417 Ecce

185 1451 287 1535 Μ
310 1456 471 1541 audistis
500 1454 779 1557 blasphemiam.
813 1455 918 1557 Quid
945 1456 1050 1530 uobis
1077 1451 1253 1528 uidetur?

187 1571 239 1647 At
257 1571 311 1646 illi
327 1568 594 1672 respondemut
617 1600 627 1642 ε
653 1575 753 1649 Reus
774 1590 828 1647 est
844 1582 981 1648 mortis.
1002 1572 1108 1645 'l'unc
1124 1574 1198 1670 ejus
1215 1571 1254 1642 in

187 1686 318 1762 faciem
327 1705 544 1789 expuerunt,
559 1705 596 1763 et
609 1689 864 1791 colaphis-eum
876 1689 1095 1764 ceciderunt.
1112 1684 1184 1760 Alii
1195 1712 1256 1759 su·

189 1820 266 1881 te'm
277 1804 403 1880 faciem
417 1807 449 1881 ei
457 1806 680 1897 velaverunt,
692 1806 870 1906 et'pnlmas
877 1807 915 1880 in
923 1805 1053 1880 faciem
1062 1803 1253 1892 dederunt,

187 1921 349 1996 dieentes
368 1953 377 1996 z
397 1923 621 2026 Pmpdetiza
637 1922 761 2014 nobis,
780 1922 923 1997 Olm‘ste
943 1951 953 1994 .·
976 1925 1059 2023 quis
1077 1921 1212 2020 estqui
1223 1935 1257 1991 te

183 2039 395 2144 perclusit?
413 2043 498 2116 Hoec
517 2042 734 2143 intelligitur
748 2057 856 2116 noete
875 2067 997 2142 pessus
1018 2038 1194 2114 Dominus
1217 2038 1256 2111 in

189 2157 301 2234 domo
309 2159 484 2259 principis
491 2159 816 2261 sacerdotumque
823 2161 924 2260 prius
932 2159 1105 2233 adductus
1112 2172 1182 2247 est;
1193 2153 1257 2235 ubi

188 2278 299 2365 etism
309 2276 406 2350 inter
414 2273 475 2349 hos
487 2277 633 2351 Domini
646 2277 880 2352 contumelias
890 2278 1016 2351 Petrus
1027 2287 1257 2350 unutusest.

191 2394 304 2467 Trina
320 2395 465 2495 negotio
480 2395 578 2469 Petri
595 2409 715 2494 coepta
732 2411 785 2470 est
801 2411 885 2469 ante
900 2395 1062 2494 primum
1075 2388 1158 2494 galli
1176 2417 1258 2465 can-

191 2525 289 2602 tum,
310 2525 348 2585 et
367 2526 451 2585 onte
476 2512 673 2586 secundum
694 2527 836 2612 peracta
856 2517 960 2613 juxto
981 2512 1159 2585 Marcum.
1186 2508 1257 2581 Alii

191 2644 264 2703 tres
280 2629 515 2703 attenderunt
525 2630 625 2730 quod
636 2645 720 2704 ante
728 2632 890 2730 primum
900 2628 1089 2704 allectione
1099 2628 1210 2703 animi
1223 2643 1260 2701 et

191 2745 325 2819 timore
339 2745 435 2820 Petri
453 2760 528 2820 totu
541 2746 614 2818 luit
627 2761 813 2847 concepta.
830 2745 993 2820 Tandem
1001 2748 1129 2820 Petrus
1141 2770 1260 2819 recor·
1288 2758 1293 2767 '

191 2860 295 2935 datus
311 2861 475 2936 estverbi
490 2862 590 2951 Jesu,
606 2862 706 2964 quod
716 2861 878 2937 dixerat:
895 2863 1120 2962 Priusquam
1133 2861 1261 2962 gallus

192 2993 328 3068 cantet,
341 2994 457 3051 terme
465 2979 688 3078 negabisEt
696 3005 853 3079 egressus
863 2978 1209 3077 lorasllevitamare(
1234 2980 1259 3074 ).

234 3094 409 3170 Pontifex
434 3097 556 3172 Jesum
582 3098 820 3197 interrogavit
845 3096 889 3171 de
916 3096 1098 3197 discipulis
1127 3096 1207 3168 suis¹
1223 3110 1260 3168 et

190 3211 357 3286 doctrina
381 3215 468 3311 ejus.
496 3212 697 3311 Respondit
718 3215 750 3288 ei
779 3214 879 3287 lesus
905 3244 914 3285 z
942 3214 1028 3314 Ego
1050 3212 1180 3313 pulum
1202 3211 1262 3284 lo-

191 3339 297 3401 cutus*
312 3354 394 3401 sum
414 3330 453 3399 in
471 3329 626 3419 mundo,
642 3355 712 3430 ego
726 3331 860 3432 palam
881 3332 995 3404 docui
1012 3332 1051 3402 in
1066 3353 1261 3429 synagoga

191 3459 227 3516 et
240 3449 281 3517 in
295 3445 446 3545 templo,
466 3470 539 3545 quo
551 3473 675 3521 omnes
687 3447 820 3520 Judoei
829 3449 1065 3533 convenietin
1083 3461 1118 3518 et
1137 3448 1176 3518 in
1195 3471 1262 3519 oe·

192 3560 292 3635 culto
310 3561 452 3634 locutum
469 3590 550 3635 sum
566 3564 672 3638 nihil.
698 3566 804 3664 Quid
820 3593 876 3638 me
894 3563 1123 3666 interrogas?
1139 3565 1261 3636 Inter-

192 3702 282 3775 roga
298 3681 443 3778 eosqui
454 3679 650 3755 audiemnt
666 3682 759 3783 quid
777 3683 918 3758 loeutus
936 3710 1018 3757 sum
1037 3683 1141 3784 ipsis.
1159 3677 1263 3756 Ecce

193 3793 232 3866 lu‘
248 3795 372 3866 sciunt
388 3820 472 3894 quae
483 3796 644 3871 dueum
656 3825 738 3899 ego.
757 3801 844 3873 Haec
863 3816 983 3874 autem
996 3825 1080 3874 cum
1092 3799 1259 3889 dixisset,

225 4068 263 4139 (ι)
282 4067 385 4123 ttatth.
410 4089 494 4140 xxvi,
518 4071 624 4151 59-75;
643 4077 728 4133 Marc.
755 4098 818 4148 xiv,
841 4076 944 4154 55-723
967 4079 1033 4135 Luc.
1060 4075 1260 4152 xx11,56·7¹;

194 4159 290 4215 locun.
305 4177 395 4228 xvxxi,
412 4176 503 4238 ¹7⁴7·
