2894 4958
539 390 656 453 LIBER
677 390 887 450 SECUNDUS.
1185 389 1242 452 4⁴1

230 514 385 589 loannes
403 511 575 601 -Graecus,
601 511 691 585 sedit
713 512 815 584 annis
841 536 884 583 111
909 509 1090 584 mensibus
1115 536 1142 583 11
1168 511 1248 585 die-

183 629 250 703 hus
266 654 333 703 x11.
350 626 603 702 Theofilatium
616 631 670 726 (1)
683 626 874 702 exarchum
888 627 1018 716 ltaliae,
1036 654 1081 700 ne
1096 629 1247 726 perime-

183 762 285 819 retur
300 772 320 817 a
337 743 580 817 tumultuante
596 743 732 842 populo
749 744 788 815 in
810 743 899 816 urhe
919 745 1050 831 Roma,
1074 743 1145 814 suis
1165 767 1248 816 mo-

184 861 618 940 nitissalvavit.Gisulfum
625 858 1245 962 quoqueducemlongobardorum,

185 981 248 1080 qui
266 981 303 1052 in
321 979 512 1077 Campania
530 979 692 1051 incendia
706 993 742 1054 et
759 978 871 1051 multa
886 979 976 1050 mala
995 976 1164 1066 faciebat,
1181 1001 1249 1075 pro

186 1096 332 1195 captivis
350 1094 472 1166 multis
488 1094 699 1169 muneribus
723 1095 833 1184 datis,
858 1095 902 1167 ad
924 1123 985 1169 sua
1009 1095 1126 1169 redire
1147 1093 1247 1168 fecit.

185 1213 253 1285 Hic
276 1213 460 1311 episcopos
480 1237 528 1286 xv
547 1215 768 1285 consecravit
792 1226 829 1285 et
844 1213 1003 1311 sepultus
1024 1227 1078 1287 est
1104 1211 1148 1283 ad
1162 1211 1250 1284 bea-

186 1345 265 1401 tum
282 1329 450 1416 Petrum,
470 1344 506 1402 et
530 1329 676 1402 cessavit
700 1329 921 1427 episcopatus
936 1355 1058 1403 mense
1075 1354 1150 1402 uno
1174 1328 1251 1402 die·

185 1443 254 1516 bus
270 1445 393 1544 xviu(
417 1445 448 1542 ).

234 1563 388 1634 Joannes
409 1561 575 1652 Graecus,
600 1563 644 1638 de
668 1579 769 1662 patre
792 1562 957 1653 Platone,
980 1564 1072 1639 sedit
1095 1565 1197 1637 annis
1224 1586 1252 1635 ιι

186 1677 369 1752 mensibus
383 1704 420 1752 vi
432 1678 557 1753 diebus
572 1705 663 1754 xvn.
681 1682 747 1752 Hic
761 1680 1017 1753 eruditissimus
1030 1696 1067 1753 et
1079 1679 1253 1752 facundus

188 1813 352 1896 tempore
370 1796 506 1871 Tiberii
525 1814 560 1871 et
576 1800 770 1871 Justiuiani
788 1799 933 1886 lloruit,
955 1815 990 1871 et
1013 1799 1050 1870 in
1069 1797 1253 1870 cimiteriis

188 1929 417 2002 sanctorum,
442 1915 687 2015 ecclesiisque,
711 1916 847 2005 multa,
871 1942 953 2016 quae
974 1916 1092 1988 diruta
1114 1915 1169 1989 vel
1190 1915 1254 1988 de-

188 2045 282 2102 tecta
305 2028 471 2118 fuerant,
494 2030 684 2130 diligenter
702 2030 915 2105 emendavit.
941 2032 1045 2104 Tunc
1066 2029 1254 2130 Aripertus

190 2143 399 2243 Raginberti
416 2148 692 2221 Taurinensium
714 2147 813 2219 ducis
830 2147 943 2237 filins,
967 2173 1030 2220 rex
1048 2144 1257 2246 Langobar-

190 2260 340 2350 dorum,
359 2260 465 2360 Alpes
483 2262 619 2335 Cottiae
636 2278 758 2336 sancto
774 2264 882 2337 Petro
896 2263 1070 2353 reddidit,
1089 2279 1126 2337 et
1142 2263 1256 2336 dona-

192 2377 332 2451 tionem
341 2377 471 2450 litteris
484 2379 599 2452 aureis
610 2394 785 2453 exaratam
798 2379 1021 2453 reformavit.
1035 2380 1056 2450 J
1059 2380 1256 2451 ustinianus

192 2494 402 2593 imperator,
414 2496 547 2570 auxilio
561 2496 718 2570 Terbelli
728 2496 966 2598 Bulgarorum
978 2499 1091 2598 regis,
1104 2523 1258 2598 regnum

192 2611 291 2712 quod
302 2613 466 2685 amiserat
478 2615 719 2714 recuperavit,
739 2616 951 2716 imperiique
967 2616 1145 2689 invasores
1162 2616 1258 2687 Leo-

192 2755 278 2802 nem
291 2746 327 2802 et
340 2729 528 2804 Tiberium
541 2733 577 2804 in
592 2734 689 2807 circo
703 2760 824 2807 coram
838 2734 939 2807 omni
954 2733 1090 2833 populo
1101 2731 1257 2831 jugulari

192 2846 292 2920 fecit.
314 2849 468 2922 loannes
484 2877 573 2949 papa
592 2876 656 2925 xix
673 2853 856 2950 episcopos
872 2851 1067 2924 ordinavit.
1092 2848 1258 2948 Sepultus

194 2980 247 3037 est
270 2981 388 3040 autem
411 2966 456 3038 ad
480 2965 623 3041 beatum
646 2970 794 3043 Petrum
808 2969 1021 3067 ,apostolum
1045 2982 1128 3041 aute
1149 2967 1259 3040 altare

130 3095 133 3099 ’
195 3097 325 3154 sanctae
350 3083 414 3156 Dei
437 3085 620 3182 genitricis
644 3085 789 3175 Mariae,
812 3084 911 3187 qnod
935 3085 1008 3184 ipse
1033 3083 1256 3174 construxit,

195 3481 309 3538 dernier
323 3485 411 3539 arriva
421 3503 456 3540 en
466 3487 544 3543 Frise
557 3505 592 3543 en
601 3487 894 3563 690.Brit0uatd,e1u
905 3487 1075 3561 archequue
1089 3485 1124 3541 de
1139 3485 1259 3540 Cantor-

195 3570 296 3626 herile
312 3580 347 3626 1⁰¹
360 3573 454 3644 juillet
465 3574 531 3649 692,
547 3576 591 3632 fut
603 3581 678 3633 sacre
693 3577 720 3633 le
736 3595 770 3652 29
778 3578 842 3651 juin
855 3575 922 3653 693,
936 3596 986 3651 par
999 3574 1147 3643 Godouin,
1163 3572 1261 3628 arche-

196 3659 284 3733 veque
295 3661 330 3715 de
343 3663 429 3734 Lyon.

197 3749 271 3890 lagg
294 3751 503 3825 Teutfilactum,
523 3756 674 3811 manuscrit
692 3756 727 3812 de
746 3744 963 3813 saint-liumult.
984 3757 1084 3811 Lieez:
1111 3752 1262 3826 Theoplry·

231 3926 271 3996 (a)
289 3925 334 3998 (28
346 3929 459 3984 octobre
472 3949 557 4007 por-9
566 3934 673 4004 janvier
684 3934 759 4009 705.)
773 3935 861 3991 Notre
869 3945 968 4011 auteur
977 3953 993 3989 a
1003 3932 1147 3988 interverti
1160 3929 1262 3986 l’ordie

197 4013 417 4092 chronologique
428 4018 476 4074 des
488 4019 560 4076 deux
572 4025 745 4080 eve'nements
760 4024 829 4098 qu'il
843 4027 955 4080 e'nonce.
978 4024 1015 4078 Le
1031 4023 1152 4097 premier
1170 4030 1212 4075 est
1227 4017 1263 4073 de

199 4120 265 4176 702,
279 4115 308 4158 et
318 4105 344 4159 le
358 4105 502 4182 deuxidmc
516 4109 550 4165 de
562 4130 622 4185 7⁰¹·
997 4124 1000 4132 '
