2894 4958
182 409 241 468 ηδ
456 401 640 463 mstotut
660 399 966 462 Ecctffiltstlct.

235 524 341 596 Tarnc
354 518 520 595 diabolus
541 521 670 595 Judaeis
691 522 730 593 in
747 520 851 593 Creta
868 520 906 592 in
917 519 1038 618 ,specie
1053 518 1174 620 Moysi
1190 544 1248 619 ap-

186 641 483 743 puniceosque
507 637 551 710 ad
576 655 710 712 terram
736 635 1022 736 repromissionis
1040 633 1131 734 pede
1155 636 1249 708 sicoo

185 785 252 858 per
276 782 374 830 mate
398 753 593 855 perducere
619 755 812 854 promisit;
843 755 964 854 sicque
992 752 1162 852 plurimis
1186 776 1250 826 ne-

186 876 293 966 catis,
319 874 451 974 reliqui
467 873 511 947 ad
528 870 661 945 Christi
680 873 832 972 gratiam
850 884 1132 944 convertuntur.

235 993 345 1064 Auno
361 1002 405 1062 11⁰
421 989 594 1063 Marciani
617 1003 655 1062 et
671 987 938 1075 Valentiniani,
956 986 1147 1081 Mea-oreos
1166 1010 1251 1074 rex,

186 1124 379 1211 postquam
415 1132 479 1179 nn
506 1107 611 1179 annis
643 1106 836 1205 regnavit,
870 1119 1039 1178 mortuns
1065 1118 1133 1178 est.
1168 1108 1254 1177 Post

188 1251 296 1326 quem
324 1221 546 1296 childericus
575 1221 669 1294 filius
693 1225 777 1321 ejus·
793 1247 859 1321 per
882 1245 997 1294 annos
1023 1244 1113 1293 mu
1139 1243 1254 1321 regno

188 1344 413 1415 Francorum
429 1339 566 1437 potitus
582 1342 663 1437 est(
686 1340 717 1437 ).

239 1457 313 1529 laeo
336 1455 440 1527 annis
460 1478 550 1529 xvir.
576 1454 644 1528 llic
668 1480 737 1555 pro
763 1470 865 1529 tomo
885 1453 1166 1529 Chalcedonensi
1190 1476 1257 1557 per

190 1570 400 1646 universum
428 1569 556 1644 orbem
587 1571 736 1670 singulis
765 1570 1056 1646 orthodoxorum
1080 1567 1257 1669 episcopis

191 1685 347 1787 singulas
365 1701 675 1787 consonantesque
697 1686 796 1758 misit
818 1686 1002 1786 epistolas,
1021 1683 1112 1786 quid
1129 1681 1176 1757 de
1192 1706 1258 1757 eo·

190 1802 272 1879 dem
290 1819 392 1878 tomo
416 1804 593 1878 sentirent
608 1801 756 1876 rescribi
775 1801 842 1875 sihi
866 1803 1065 1902 postulans.
1091 1801 1257 1895 Quorum

190 1920 279 1995 adeo
304 1920 540 1994 consonantia
564 1919 609 1993 de
635 1945 717 1993 vera
743 1918 874 1991 Christi
901 1917 1149 1992 incarnatione
1176 1940 1257 1988 sus-

192 2037 288 2136 cepit
303 2038 470 2110 omuium
485 2037 680 2134 rescripta,
703 2036 789 2108 acsi
811 2062 886 2110 uno
903 2051 1089 2134 tempore,
1111 2056 1258 2133 unoque

192 2153 369 2241 dictante,
389 2152 543 2226 fuissent
559 2154 723 2225 universa
740 2154 970 2252 conscripta(
995 2153 1026 2250 ).

243 2269 455 2343 Theodorus
466 2272 653 2370 episcopus
663 2270 830 2360 civitatis,
845 2296 928 2370 quae
937 2297 958 2342 a
967 2270 1065 2371 Cyro
1075 2294 1164 2370 rege
1177 2274 1259 2342 Per

194 2412 315 2461 sarum
339 2385 482 2460 condita
506 2388 626 2487 Cyriae
650 2412 785 2462 nomen
810 2387 937 2476 habet,
963 2387 1089 2461 scribit
1111 2386 1157 2461 de
1179 2410 1259 2461 rem

195 2505 444 2578 incarnatione
468 2505 616 2578 Domini
642 2504 837 2578 Salvatoris
862 2504 1028 2578 adversus
1056 2502 1259 2604 Eutychen

195 2635 232 2695 et
249 2620 464 2694 Dioscorum
486 2620 711 2695 Alexandria
733 2623 964 2721 episcopum,
985 2622 1050 2721 qui
1067 2619 1260 2695 humanam

197 2737 235 2808 iu
258 2733 403 2809 Christo
428 2762 573 2810 caruem
598 2752 743 2836 negant.
765 2737 915 2837 Scripsit
931 2751 968 2809 et
983 2736 1184 2809 Historiam
1202 2760 1261 2811 oo·

195 2849 423 2926 clesiasticam
447 2880 466 2925 a
493 2852 566 2926 fine
590 2851 771 2926 librorum
786 2852 933 2927 Eusehii
960 2879 1071 2953 usque
1096 2853 1143 2928 ad
1157 2879 1261 2927 suum

197 2984 358 3068 tempus,
378 2967 414 3040 id
430 2982 484 3042 est
500 2967 669 3068 usquead
691 2970 882 3068 imperium
898 2971 1029 3043 Leonis
1048 2968 1179 3069 hujus,
1197 2968 1261 3043 suh

197 3110 272 3186 quo
289 3101 325 3159 et
342 3099 507 3158 mortuus
522 3100 588 3157 est.
607 3084 812 3178 Victorius,
826 3086 977 3185 jubente
995 3113 1085 3186 papa
1102 3087 1260 3176 Hilario,

196 3202 339 3302 scripsit
350 3198 552 3273 Paschalcm
568 3201 744 3273 circulum
758 3227 910 3275 ncxxxn
928 3227 1110 3276 annorum
1123 3205 1197 3302 (ὅ).

232 3506 271 3591 (i)
289 3518 924 3593 Onplsceordimioementenliolamortde
937 3522 1077 3590 Μόωνόε,
1091 3522 1265 3596 quiestrap-

197 3610 294 3681 portale
311 3609 347 3664 ici
362 3612 379 3664 a
394 3609 501 3666 l'annee
512 3613 650 3684 comprise
661 3622 741 3667 entre
756 3611 783 3667 le
796 3611 831 3667 25
842 3613 910 3667 aoht
925 3612 973 3679 451
991 3622 1020 3666 et
1033 3611 1060 3667 le
1074 3615 1109 3680 al
1123 3612 1194 3668 aoht
1204 3610 1265 3680 452.

198 3695 254 3752 Son
267 3694 310 3751 fit·
319 3696 461 3754 Otildtlric
471 3718 489 3753 a
498 3702 585 3773 regue'
596 3702 711 3755 environ
724 3701 883 3775 vingt-cinq
893 3719 943 3755 ans
954 3698 1108 3770 (456481).

230 3783 271 3854 (a)
288 3783 410 3851 (vaier
425 3783 597 3860 ‘Sp-janvier
610 3790 682 3860 474).
696 3789 735 3843 La
745 3787 891 3843 cirmlaire
906 3787 942 3842 (le
960 3785 1128 3861 l’empereur
1138 3805 1195 3843 aux
1206 3790 1266 3843 me·

196 3868 474 3944 tropttlltainsestde
491 3871 1056 3950 657,etlesde!liberationsdeseveques
1074 3874 1268 3951 dantemque

198 3959 329 4031 prosim
340 3958 546 4038 ecdesiastiqne
558 3962 594 4018 (le
607 3961 669 4030 458.

234 4044 274 4121 (3)
291 4048 469 4118 Theudae,
483 4050 660 4128 nerem'ossy,
677 4054 896 4127 e'tequedeCyr
910 4052 1025 4121 entaS,
1040 4051 1266 4121 mortversffl,

198 4154 216 4191 a
226 4136 343 4195 maduit
355 4156 406 4195 ton
417 4138 539 4196 Histoire
550 4143 771 4214 mlisiaesu'que,
783 4161 839 4198 non
853 4144 1036 4218 pasjusqu’au
1044 4144 1132 4215 regne
1142 4142 1182 4197 de
1192 4143 1268 4198 uon
