2916 4958
234 392 291 476 ιιι
508 409 692 471 ursroan
714 404 1021 470 rccnnsnsrrcl.

276 527 454 605 Anno'ab
479 530 727 603 incarnatione
750 526 898 603 Domini
923 542 1083 602 ιιοιιιίιιο
1108 541 1239 619 ventus
1264 529 1305 603 in

227 647 386 725 occiduis
398 643 560 744 partibus
571 643 690 747 vigilia
698 643 833 718 Natalis
844 646 996 720 Domini
1009 642 1202 720 vehemens
1212 642 1310 737 fuit,

229 784 267 841 et
300 762 449 838 aedilicia
468 764 623 864 plurima
654 789 919 863 nemorumque
955 762 1103 838 arbores
1136 778 1306 864 prostra-

228 884 295 957 vit.
326 883 498 983 Sequenti
529 906 627 954 anno
656 879 796 955 bellum
824 881 922 955 inter
944 862 1145 955 Henricum
1180 882 1306 984 regem

228 997 370 1098 Angliae
394 1013 431 1071 et
452 996 676 1072 Ludovicum
692 1020 817 1097 regem
835 996 1002 1070 Franciae'
1019 1013 1102 1069 x111⁰
1123 998 1194 1089 lral.
1220 1023 1306 1098 sep-

228 1115 380 1192 tembris
395 1115 600 1190 Brenmulae
613 1115 834 1205 factumest,
848 1115 980 1215 dequo
994 1112 1305 1214 triumphantibus

189 1296 193 1303 .
227 1232 355 1335 Anglis
372 1250 409 1308 et
426 1233 647 1307 Normannis
664 1234 841 1307 exereitus
861 1230 1052 1313 Gallorum
1068 1232 1214 1334 fugatus
1234 1249 1302 1306 est.
1349 1217 1354 1223 ’

228 1348 370 1426 Eodem
387 1376 474 1425 vero
495 1377 593 1423 anno
613 1349 773 1423 Calixtus
797 1360 836 1422 ιι·
859 1376 949 1451 papa
972 1348 1166 1422 maximam
1188 1374 1305 1450 syno-

229 1466 317 1542 dum
345 1468 597 1567 episcoporum
625 1466 747 1541 Remis
773 1467 911 1558 tenuit,
931 1480 968 1541 et
984 1465 1171 1566 pacificare
1196 1464 1305 1537 dissi-

228 1585 354 1661 dentes
370 1609 598 1684 summopere
609 1576 806 1657 'laboravit
823 1580 1028 1658 Concordia
1045 1581 1193 1657 tandem
1207 1582 1305 1654 inter

227 1727 328 1802 reges
342 1701 457 1792 facte,
477 1701 564 1775 dum
574 1727 637 1775 rex
654 1699 797 1801 Angliae
812 1700 850 1774 in
864 1727 1017 1802 regnum
1034 1724 1139 1775 sunm
1151 1699 1302 1792 rediret,

227 1819 443 1897 Guillelmus
456 1837 493 1896 et
505 1820 715 1913 ⁸llichardus
732 1817 798 1892 filii
813 1821 910 1919 ejus,
926 1845 1009 1891 cum
1023 1842 1160 1920 'magna
1178 1817 1303 1892 multi·

228 1936 356 2012 tudine
367 1936 549 2011 nobilium
561 1937 761 2009 multarum
769 1936 979 2037 regionum,
994 1949 1064 2009 ιἰιΟ
1076 1935 1147 2008 lral.
1163 1934 1304 2010 decem·

228 2052 305 2128 bris
321 2053 511 2155 naufragio
526 2056 715 2155 perierunt
733 2055 748 2154 (
774 2055 802 2150 ).
1251 2064 1257 2075 '

276 2169 390 2244 »Anno
413 2170 561 2243 Domini
591 2184 749 2241 ucxxrrr
774 2167 973 2243 indictione
1000 2181 1027 2241 ι·
1044 2165 1305 2244 rebellantibus

231 2271 447 2390 quibusdam
462 2287 701 2375 Normannis,
717 2283 902 2361 Amalrico
918 2284 1132 2362 Ebroicensi
1153 2301 1189 2361 et
1207 2284 1304 2359 Gua-

230 2401 343 2477 larico
368 2401 595 2476 Mellentensi
623 2415 811 2474 eteorum
837 2400 1074 2500 complicibus
1085 2455 1097 2490 ,
1125 2400 1305 2474 Henricus

229 2545 294 2595 rex
312 2518 444 2618 oppida
464 2544 591 2592 eorum
601 2573 613 2607 ,
632 2517 896 2606 Montfortem,
922 2518 1122 2591 Brionnam
1147 2531 1184 2591 et
1207 2521 1305 2591 Pon·

231 2632 548 2723 tem-Aldemari,
579 2632 742 2723 obsedit,
774 2633 973 2708 combussit
1008 2648 1045 2709 et
1074 2634 1181 2734 cepit.
1217 2633 1306 2708 Post

229 2753 387 2853 plurima
406 2752 535 2827 damna
553 2753 804 2827 Gualcrannus
818 2779 938 2827 comes
954 2776 1038 2825 cum
1053 2776 1152 2825 cxxx
1170 2751 1305 2825 militi-

230 2868 404 2947 busbello
414 2888 537 2973 captus
549 2887 621 2965 est,
636 2885 674 2946 et
688 2872 725 2944 in
740 2897 881 2946 carcere
898 2870 1045 2944 Henrici
1062 2870 1176 2970 regis,
1195 2892 1306 2970 aquo

230 2988 410 3062 enutritus
446 2987 583 3079 fuerat,
607 3003 645 3064 et
673 3003 800 3062 contra
831 3014 941 3089 quem
976 2987 1175 3063 insolenter
1204 3010 1304 3060 arma
1392 3019 1400 3031 ·

231 3102 435 3196 levaverat,
454 3131 477 3179 v
495 3104 599 3178 annis
612 3105 756 3178 vinctus
772 3105 858 3204 est(
885 3106 910 3202 ).

231 3377 307 3424 terre
323 3366 419 3422 lurent
435 3386 470 3422 en
489 3367 625 3423 revanche
641 3385 677 3422 en
696 3367 775 3440 proie
792 3368 808 3421 a
824 3365 899 3421 deux
916 3375 1009 3421 autres
1022 3365 1124 3434 fleaur,
1139 3363 1166 3418 la
1176 3362 1255 3436 lepre
1268 3383 1306 3420 en
1379 3417 1384 3432 ,

232 3455 417 3524 Normandie,
431 3466 459 3511 et
471 3455 497 3510 la
509 3456 612 3511 famine
624 3454 737 3511 au-delb
747 3455 782 3511 de
795 3455 822 3510 la
833 3454 962 3510 lllanche.

266 3547 306 3617 (ι)
324 3544 480 3600 Labataille
488 3544 524 3600 de
533 3545 672 3602 Bremulle
681 3547 720 3616 (et
730 3563 787 3599 non
796 3562 845 3618 pas
855 3541 1037 3610 Brenneville,
1049 3560 1157 3598 comme
1167 3559 1205 3620 on
1215 3540 1306 3598 l’ecrit

233 3631 455 3708 generalement)
473 3643 522 3689 eut
536 3633 592 3690 lieu
610 3634 636 3689 le
649 3651 683 3688 no
702 3632 769 3689 aurit
784 3649 865 3706 1119,
885 3630 912 3686 le
925 3631 1030 3686 concile
1048 3629 1083 3685 de
1102 3629 1246 3685 clermont
1265 3629 1306 3685 du

233 3740 264 3778 ar
284 3741 319 3778 an
335 3720 366 3777 31
381 3723 508 3793 octobre,
521 3723 547 3778 la
562 3724 626 3798 pair
641 3734 721 3779 entre
734 3722 773 3778 les
785 3722 858 3777 deux
875 3722 931 3776 rois
948 3720 1016 3775 dans
1032 3719 1058 3775 le
1072 3729 1191 3775 conrant
1204 3718 1239 3775 de
1252 3737 1305 3775 no-

232 3809 357 3881 vembre,
373 3824 402 3871 et
414 3815 489 3872 enlin
500 3815 526 3871 le
538 3816 670 3888 naufrago
681 3815 717 3871 de
725 3814 752 3869 la
760 3812 949 3869 blancheNei
959 3809 1029 3866 1025
1043 3809 1082 3865 du
1092 3810 1182 3865 meme
1194 3810 1276 3865 moia.

269 3905 309 3978 (a)
327 3904 456 3961 L’auteur
477 3922 514 3960 on
539 3921 581 3960 ses
605 3906 724 3978 copistes
744 3914 794 3959 ont
812 3903 883 3958 omis
899 3888 939 3956 ici
961 3899 987 3956 le
1007 3917 1073 3955 norn
1098 3898 1243 3971 d'Hugues
1270 3898 1306 3954 de

232 3994 386 4062 Montsort,
410 3995 467 4050 l’un
487 3993 535 4049 des
551 3994 627 4050 ehefs
644 3994 679 4049 de
698 3993 724 4048 la
741 3994 940 4067 conspiration.
955 3990 1014 4045 Elle
1030 3991 1074 4044 lut
1085 3988 1251 4044 deconverte
1270 4007 1307 4043 au

233 4086 305 4141 mois
325 4083 467 4140 d’octobre
491 4082 565 4139 1123.
586 4085 659 4138 Leur
678 4085 795 4139 reunion
818 4078 1210 4138 lLa-Croix·Sainl-Leusroi
1234 4080 1307 4134 avait

234 4194 271 4233 eu
285 4175 343 4242 lieu
358 4173 426 4229 dans
441 4175 467 4230 le
485 4184 603 4229 courant
618 4173 653 4229 de
670 4173 835 4248 septembre.
853 4173 987 4240 brienne,
1006 4169 1104 4225 investi
1119 4187 1155 4224 en
1175 4168 1305 4236 octobre,

236 4282 266 4320 se
285 4262 409 4321 defendit
429 4281 467 4320 un
488 4264 576 4333 mois,
596 4262 824 4322 Pom-Audemer
840 4274 869 4320 et
887 4262 1023 4320 Moutlort
1043 4261 1084 4317 six
1104 4259 1247 4316 semaines.
1268 4259 1307 4316 Le
