2894 4958
197 329 259 392 306
474 328 659 390 HISTORIA
681 328 986 391 nocuusttsrtclt.

198 446 379 521 idolorum
397 448 530 520 frastra
548 448 718 548 sugerunt
729 503 739 536 ,
764 466 800 522 et
820 450 1019 526 sacerdotes
1039 456 1102 555 qni
1126 470 1265 529 sanctos

196 566 261 638 Dei
288 581 555 664 percusserant,
575 567 651 638 ictu
670 565 843 638 fulminis·
861 570 975 641 necati
1002 587 1100 642 sunt.
1133 571 1265 646 Omnes

197 709 283 784 ergo
309 685 403 757 cives
431 701 570 756 terrore
597 685 818 757 unanimiter
841 687 996 784 percussi
1022 687 1066 760 ad
1087 714 1264 763 carcerem

197 813 455 899 perrexerunt,
473 797 696 899 pedibusque
712 801 874 899 praesnlis
892 803 1076 901 provoluti
1100 820 1264 878 reatuum

196 919 358 1004 veniam,
376 917 620 1016 auxiliumque
637 914 704 989 sibi
724 916 1009 1017 postulaverunt.
1029 921 1168 995 Orantc
1184 947 1263 995 cum

196 1037 268 1109 suis
279 1036 424 1136 collegis
438 1033 542 1108 beato
554 1035 742 1134 pontifice,
755 1035 968 1109 Aurelianus
980 1055 1018 1111 et
1030 1037 1193 1113 Andreas
1207 1041 1259 1138 (r)

195 1155 392 1228 resuscitati
409 1169 511 1242 sunt,
529 1169 566 1227 et
585 1155 844 1254 indulgentiam
860 1157 967 1254 proni
983 1157 1175 1257 petierunt
1181 1186 1193 1247 3
1207 1183 1259 1231 vc·

195 1295 349 1370 rumque
361 1270 559 1343 [lominum
576 1292 659 1341 cum
674 1273 774 1343 omni
792 1272 928 1371 populo
937 1325 948 1361 ,
963 1274 1025 1374 qui
1046 1273 1192 1349 insolita
1205 1273 1259 1347 ad·

196 1389 330 1460 mirans
349 1388 569 1479 intuebatur,
590 1388 855 1462 confessisunt.
875 1392 1044 1491 Sequenti
1064 1391 1124 1466 die
1142 1392 1260 1467 beatus

195 1505 367 1577 Martialis
389 1531 409 1576 a
432 1505 586 1579 minimo
607 1531 719 1606 usque
743 1505 785 1578 ad
812 1508 1009 1580 maximum
1026 1511 1256 1598 convocavit,

195 1638 232 1697 et
248 1620 339 1696 lacta
354 1624 573 1724 competenti
587 1622 838 1697 exhortatione
851 1625 1037 1700 universos
1051 1625 1254 1727 baptizavit.

195 1743 301 1814 Tunc
319 1739 367 1814 ibi
382 1742 509 1842 viginti
527 1740 601 1814 duo
613 1740 725 1812 millia
743 1741 780 1812 in
797 1740 993 1814 Dominum
1008 1742 1254 1831 crediderant,

195 1872 232 1931 et
251 1856 396 1929 salutari
410 1854 603 1930 theusebiae
621 1870 804 1956 gratanter
816 1882 890 1929 sese
903 1854 1164 1931 submiserunt.

243 1974 350 2046 Sacer
362 1973 494 2072 praesul
505 1999 588 2046 cum
600 1973 701 2047 omni
715 1973 853 2072 populo
865 1973 908 2045 ad
922 1974 1120 2073 templum,
1137 1976 1176 2047 in
1189 2000 1255 2075 qua

194 2107 308 2163 statua
333 2091 431 2163 Jovis
455 2106 492 2163 et
515 2090 685 2163 Mercurii
715 2114 755 2161 ac
780 2090 904 2163 Dianae
930 2107 967 2164 et
988 2090 1143 2164 Veneris
1165 2107 1252 2181 erat,

194 2208 311 2300 venit;
330 2207 505 2307 idolisque
522 2205 734 2294 confractis,
755 2203 806 2277 ibi
825 2206 1008 2280 ecclesiam
1025 2208 1064 2278 in
1083 2205 1255 2282 bonorem

193 2324 304 2397 sancti
324 2322 494 2422 Stephani
512 2323 791 2422 protomartyris
807 2322 995 2396 dedicavit.

242 2440 348 2515 Beata
374 2465 461 2514 vero
483 2441 642 2513 Susanna
666 2440 819 2514 feliciter
846 2442 883 2513 in
906 2442 1067 2516 Domino
1091 2441 1254 2517 defuncta

193 2573 266 2647 est,
285 2572 321 2630 et
337 2582 357 2628 a
374 2559 415 2629 B.
438 2556 601 2629 Martiale
617 2582 700 2628 cum
721 2582 849 2656 magna
867 2558 1100 2631 veneratione
1124 2560 1255 2658 sepulta

193 2690 258 2751 est.
288 2675 402 2747 Multa
425 2674 533 2748 etiam
557 2674 652 2748 dona
679 2689 715 2747 et
740 2675 930 2748 innumera
954 2673 1128 2748 beneficia
1157 2675 1256 2750 beato

192 2794 273 2866 viro
304 2791 480 2884 contulit,
510 2816 767 2893 servorumque
799 2793 1072 2866 multitudinem
1103 2793 1252 2896 subegit.

152 2987 157 2997 ,
190 2916 305 2983 Porro
330 2909 469 2986 Valeria
500 2912 573 3008 ejus
601 2909 672 2982 filia
699 2910 943 3010 virginitatem
972 2936 1072 2983 suam
1099 2911 1254 2986 Domino

189 3027 309 3116 vovit,
329 3042 365 3100 et
384 3027 522 3128 Spiritu
544 3028 676 3100 Sancto
693 3027 847 3127 repleta,
870 3030 907 3101 in
926 3030 1066 3102 cunctis
1087 3029 1254 3130 operibus

189 3146 296 3220 bonis
312 3171 349 3218 se
372 3170 511 3246 semper
528 3142 753 3244 probabilem
770 3145 946 3219 exhibuit.
969 3147 1059 3239 Quae
1081 3163 1125 3219 ut
1147 3172 1253 3248 spon·

190 3291 270 3337 sum
288 3287 394 3336 suum
410 3259 632 3360 Stephanum
654 3261 781 3334 ducem
810 3262 854 3334 ad
879 3260 1007 3336 urbem
1029 3267 1251 3337 Lemovicam

188 3382 312 3456 venire
323 3376 477 3469 audivit,
494 3380 607 3453 sciens
620 3404 688 3479 pro
708 3396 809 3453 certo
831 3380 929 3482 quod
945 3383 1017 3480 ipsa
1041 3382 1251 3484 integritatis

186 3513 275 3571 roto
289 3496 446 3598 graviter
465 3522 548 3570 eum
570 3496 783 3585 offenderit,
809 3521 934 3570 omnes
955 3497 1096 3571 divitias
1119 3501 1248 3572 suasio

188 3641 277 3692 auro
303 3630 340 3690 et
361 3630 511 3716 argento
536 3630 643 3715 atque
666 3615 929 3714 multiplicibus
953 3617 1248 3692 vestimentorum

220 3932 259 4002 (ι)
276 3929 301 3983 ll
313 3929 400 4002 doity
412 3932 489 3985 avoir
505 3949 560 3987 une
573 3930 670 3987 laeuae
686 3931 754 3985 dans
772 3951 803 3987 ce
816 3950 937 4007 passage.
958 3934 982 3988 ll
999 3946 1040 3989 est
1054 3934 1187 4008 probable
1197 3949 1244 4007 qut

185 4021 254 4076 dans
271 4019 299 4072 la
315 4017 430 4092 legende
448 4021 597 4093 originale,
613 4022 748 4078 l'identite
762 4022 921 4078 d’Aurelien
941 4035 969 4080 et
988 4023 1114 4081 d’Audre
1132 4044 1193 4082 avec
1208 4022 1242 4080 let

185 4107 292 4182 pretres
303 4105 351 4161 des
362 4104 449 4162 idoles
461 4107 529 4162 enit
539 4108 601 4181 plus
613 4109 774 4166 clairemeat
784 4111 932 4183 exprimee.
