<?xml version="1.0" encoding="UTF-8"?>
<!DOCTYPE html PUBLIC "-//W3C//DTD XHTML 1.0 Transitional//EN"
    "http://www.w3.org/TR/xhtml1/DTD/xhtml1-transitional.dtd">
<html xmlns="http://www.w3.org/1999/xhtml" xml:lang="en" lang="en">
 <head>
  <title>
</title>
<meta http-equiv="Content-Type" content="text/html;charset=utf-8" />
  <meta name='ocr-system' content='tesseract 3.04.00' />
  <meta name='ocr-capabilities' content='ocr_page ocr_carea ocr_par ocr_line ocrx_word'/>
</head>
<body>
  <div class='ocr_page' id='page_1' title='image "./ordericivitalis02deligoog/ordericivitalis02deligoog_0207.png"; bbox 0 0 2916 4958; ppageno 0'>
   <div class='ocr_carea' id='block_1_1' title="bbox 237 172 1309 3304">
    <p class='ocr_par' dir='ltr' id='par_1_1' title="bbox 239 172 1305 1443">
     <span class='ocr_line' id='line_1_1' title="bbox 243 172 1024 255; baseline -0.018 -9"><span class='ocrx_word' id='word_1_1' title='bbox 243 182 303 246; x_wconf 75' lang='lat'><strong>194</strong></span> <span class='ocrx_word' id='word_1_2' title='bbox 515 175 700 255; x_wconf 79' lang='lat' dir='ltr'><strong>fflsmnn</strong></span> <span class='ocrx_word' id='word_1_3' title='bbox 721 172 1024 236; x_wconf 68' lang='lat' dir='ltr'><strong>ecclesiastica.</strong></span> 
     </span>
     <span class='ocr_line' id='line_1_2' title="bbox 244 274 1303 396; baseline -0.007 -22"><span class='ocrx_word' id='word_1_4' title='bbox 244 299 340 374; x_wconf 88' lang='lat' dir='ltr'><strong>tibus</strong></span> <span class='ocrx_word' id='word_1_5' title='bbox 361 323 446 372; x_wconf 93' lang='lat' dir='ltr'><strong>cum</strong></span> <span class='ocrx_word' id='word_1_6' title='bbox 465 296 650 396; x_wconf 78' lang='lat' dir='ltr'><strong>signorum</strong></span> <span class='ocrx_word' id='word_1_7' title='bbox 671 294 882 368; x_wconf 81' lang='lat' dir='ltr'>executione</span> <span class='ocrx_word' id='word_1_8' title='bbox 902 274 1094 391; x_wconf 81' lang='lat' dir='ltr'><strong>proecepit,</strong></span> <span class='ocrx_word' id='word_1_9' title='bbox 1111 290 1303 394; x_wconf 85' lang='lat' dir='ltr'><strong>discipulos</strong></span> 
     </span>
     <span class='ocr_line' id='line_1_3' title="bbox 243 406 1304 508; baseline -0.008 -19"><span class='ocrx_word' id='word_1_10' title='bbox 243 416 393 491; x_wconf 86' lang='lat' dir='ltr'><strong>ferasin</strong></span> <span class='ocrx_word' id='word_1_11' title='bbox 413 409 623 485; x_wconf 90' lang='lat' dir='ltr'><strong>Bethaniam</strong></span> <span class='ocrx_word' id='word_1_12' title='bbox 647 409 791 498; x_wconf 78' lang='lat' dir='ltr'>eduxit,</span> <span class='ocrx_word' id='word_1_13' title='bbox 815 409 935 508; x_wconf 84' lang='lat' dir='ltr'><strong>eisque</strong></span> <span class='ocrx_word' id='word_1_14' title='bbox 960 408 999 480; x_wconf 92' lang='lat' dir='ltr'><strong>in</strong></span> <span class='ocrx_word' id='word_1_15' title='bbox 1022 422 1148 480; x_wconf 84' lang='lat' dir='ltr'><strong>monte</strong></span> <span class='ocrx_word' id='word_1_16' title='bbox 1173 406 1304 482; x_wconf 89' lang='lat' dir='ltr'><strong>Oliveti</strong></span> 
     </span>
     <span class='ocr_line' id='line_1_4' title="bbox 242 522 1305 623; baseline -0.01 -17"><span class='ocrx_word' id='word_1_17' title='bbox 242 547 339 606; x_wconf 84' lang='lat' dir='ltr'><strong>stans</strong></span> <span class='ocrx_word' id='word_1_18' title='bbox 354 529 559 616; x_wconf 82' lang='lat' dir='ltr'><strong>benedixit,</strong></span> <span class='ocrx_word' id='word_1_19' title='bbox 578 544 615 600; x_wconf 90' lang='lat' dir='ltr'><strong>et</strong></span> <span class='ocrx_word' id='word_1_20' title='bbox 632 522 855 599; x_wconf 87' lang='lat' dir='ltr'><strong>intuentibus</strong></span> <span class='ocrx_word' id='word_1_21' title='bbox 872 523 942 597; x_wconf 91' lang='lat' dir='ltr'><strong>illis</strong></span> <span class='ocrx_word' id='word_1_22' title='bbox 959 538 1065 623; x_wconf 89' lang='lat' dir='ltr'><strong>atque</strong></span> <span class='ocrx_word' id='word_1_23' title='bbox 1087 523 1305 623; x_wconf 84' lang='lat' dir='ltr'><strong>gratulanti-</strong></span> 
     </span>
     <span class='ocr_line' id='line_1_5' title="bbox 242 640 1304 740; baseline -0.008 -18"><span class='ocrx_word' id='word_1_24' title='bbox 242 648 330 738; x_wconf 88' lang='lat' dir='ltr'>bus,</span> <span class='ocrx_word' id='word_1_25' title='bbox 359 649 397 720; x_wconf 93' lang='lat' dir='ltr'><strong>in</strong></span> <span class='ocrx_word' id='word_1_26' title='bbox 425 645 537 719; x_wconf 88' lang='lat' dir='ltr'><strong>coelos</strong></span> <span class='ocrx_word' id='word_1_27' title='bbox 562 644 732 716; x_wconf 88' lang='lat' dir='ltr'><strong>ascendit.</strong></span> <span class='ocrx_word' id='word_1_28' title='bbox 757 643 843 714; x_wconf 82' lang='lat' dir='ltr'><strong>Post</strong></span> <span class='ocrx_word' id='word_1_29' title='bbox 859 640 981 714; x_wconf 88' lang='lat' dir='ltr'><strong>decem</strong></span> <span class='ocrx_word' id='word_1_30' title='bbox 997 666 1084 714; x_wconf 87' lang='lat' dir='ltr'><strong>vero</strong></span> <span class='ocrx_word' id='word_1_31' title='bbox 1101 640 1194 729; x_wconf 88' lang='lat' dir='ltr'><strong>dies,</strong></span> <span class='ocrx_word' id='word_1_32' title='bbox 1207 644 1304 740; x_wconf 88' lang='lat' dir='ltr'><strong>jeju-</strong></span> 
     </span>
     <span class='ocr_line' id='line_1_6' title="bbox 240 760 1304 860; baseline -0.008 -17"><span class='ocrx_word' id='word_1_33' title='bbox 240 769 411 844; x_wconf 83' lang='lat' dir='ltr'>nantibus</span> <span class='ocrx_word' id='word_1_34' title='bbox 428 767 550 838; x_wconf 91' lang='lat' dir='ltr'><strong>amicis</strong></span> <span class='ocrx_word' id='word_1_35' title='bbox 568 783 604 838; x_wconf 89' lang='lat' dir='ltr'><strong>et</strong></span> <span class='ocrx_word' id='word_1_36' title='bbox 622 766 658 836; x_wconf 93' lang='lat' dir='ltr'><strong>in</strong></span> <span class='ocrx_word' id='word_1_37' title='bbox 677 789 792 836; x_wconf 87' lang='lat' dir='ltr'><strong>unum</strong></span> <span class='ocrx_word' id='word_1_38' title='bbox 808 760 1016 852; x_wconf 90' lang='lat' dir='ltr'><strong>orantibus,</strong></span> <span class='ocrx_word' id='word_1_39' title='bbox 1040 763 1218 860; x_wconf 89' lang='lat' dir='ltr'><strong>Spiritum</strong></span> <span class='ocrx_word' id='word_1_40' title='bbox 1237 765 1304 836; x_wconf 92' lang='lat' dir='ltr'><strong>Pa-</strong></span> 
     </span>
     <span class='ocr_line' id='line_1_7' title="bbox 240 878 1304 982; baseline -0.011 -20"><span class='ocrx_word' id='word_1_41' title='bbox 240 885 514 963; x_wconf 88' lang='lat' dir='ltr'><strong>raclitummisit</strong></span> <span class='ocrx_word' id='word_1_42' title='bbox 521 937 533 972; x_wconf 94' lang='lat'><strong>,</strong></span> <span class='ocrx_word' id='word_1_43' title='bbox 545 906 687 982; x_wconf 86' lang='lat' dir='ltr'><strong>eosque,</strong></span> <span class='ocrx_word' id='word_1_44' title='bbox 695 894 736 952; x_wconf 91' lang='lat' dir='ltr'><strong>ut</strong></span> <span class='ocrx_word' id='word_1_45' title='bbox 744 878 969 979; x_wconf 86' lang='lat' dir='ltr'><strong>promiserat,</strong></span> <span class='ocrx_word' id='word_1_46' title='bbox 981 879 1304 952; x_wconf 91' lang='lat' dir='ltr'><strong>unctioneinterna</strong></span> 
     </span>
     <span class='ocr_line' id='line_1_8' title="bbox 239 993 1304 1086; baseline -0.009 -9"><span class='ocrx_word' id='word_1_47' title='bbox 239 1002 285 1078; x_wconf 86' lang='lat' dir='ltr'><strong>de</strong></span> <span class='ocrx_word' id='word_1_48' title='bbox 300 999 471 1077; x_wconf 88' lang='lat' dir='ltr'><strong>omnihus</strong></span> <span class='ocrx_word' id='word_1_49' title='bbox 485 1001 521 1072; x_wconf 91' lang='lat' dir='ltr'><strong>in</strong></span> <span class='ocrx_word' id='word_1_50' title='bbox 536 1013 721 1072; x_wconf 88' lang='lat' dir='ltr'><strong>momento</strong></span> <span class='ocrx_word' id='word_1_51' title='bbox 734 994 878 1086; x_wconf 85' lang='lat' dir='ltr'><strong>docuit,</strong></span> <span class='ocrx_word' id='word_1_52' title='bbox 894 1011 930 1068; x_wconf 89' lang='lat' dir='ltr'><strong>et</strong></span> <span class='ocrx_word' id='word_1_53' title='bbox 943 995 1107 1068; x_wconf 89' lang='lat' dir='ltr'><strong>omnium</strong></span> <span class='ocrx_word' id='word_1_54' title='bbox 1121 993 1304 1068; x_wconf 90' lang='lat' dir='ltr'><strong>abundan-</strong></span> 
     </span>
     <span class='ocr_line' id='line_1_9' title="bbox 240 1100 1304 1200; baseline -0.009 -8"><span class='ocrx_word' id='word_1_55' title='bbox 240 1100 295 1192; x_wconf 85' lang='lat' dir='ltr'><strong>tia¹</strong></span> <span class='ocrx_word' id='word_1_56' title='bbox 313 1116 565 1190; x_wconf 80' lang='lat' dir='ltr'><strong>charismatum</strong></span> <span class='ocrx_word' id='word_1_57' title='bbox 589 1113 743 1186; x_wconf 75' lang='lat' dir='ltr'><strong>feliciter</strong></span> <span class='ocrx_word' id='word_1_58' title='bbox 768 1111 977 1200; x_wconf 87' lang='lat' dir='ltr'><strong>illustravit,</strong></span> <span class='ocrx_word' id='word_1_59' title='bbox 1002 1129 1129 1186; x_wconf 89' lang='lat' dir='ltr'><strong>contra</strong></span> <span class='ocrx_word' id='word_1_60' title='bbox 1154 1129 1304 1186; x_wconf 88' lang='lat' dir='ltr'><strong>cunctos</strong></span> 
     </span>
     <span class='ocr_line' id='line_1_10' title="bbox 240 1222 1304 1325; baseline -0.006 -20"><span class='ocrx_word' id='word_1_61' title='bbox 240 1230 503 1306; x_wconf 85' lang='lat' dir='ltr'><strong>adversantium</strong></span> <span class='ocrx_word' id='word_1_62' title='bbox 532 1229 684 1325; x_wconf 90' lang='lat' dir='ltr'><strong>impetus</strong></span> <span class='ocrx_word' id='word_1_63' title='bbox 711 1224 979 1315; x_wconf 81' lang='lat' dir='ltr'><strong>corroboravit,</strong></span> <span class='ocrx_word' id='word_1_64' title='bbox 1012 1242 1048 1300; x_wconf 89' lang='lat' dir='ltr'><strong>et</strong></span> <span class='ocrx_word' id='word_1_65' title='bbox 1078 1222 1304 1299; x_wconf 79' lang='lat' dir='ltr'><strong>invincibiles</strong></span> 
     </span>
     <span class='ocr_line' id='line_1_11' title="bbox 239 1339 1203 1443; baseline -0.008 -23"><span class='ocrx_word' id='word_1_66' title='bbox 239 1346 409 1435; x_wconf 86' lang='lat' dir='ltr'><strong>athletas,</strong></span> <span class='ocrx_word' id='word_1_67' title='bbox 429 1345 665 1443; x_wconf 87' lang='lat' dir='ltr'><strong>omniumque</strong></span> <span class='ocrx_word' id='word_1_68' title='bbox 680 1339 873 1439; x_wconf 69' lang='lat' dir='ltr'><strong>didascalos</strong></span> <span class='ocrx_word' id='word_1_69' title='bbox 890 1343 1054 1441; x_wconf 84' lang='lat' dir='ltr'><strong>gentium</strong></span> <span class='ocrx_word' id='word_1_70' title='bbox 1071 1341 1203 1443; x_wconf 68' lang='lat' dir='ltr'><strong>effecit.</strong></span> 
     </span>
    </p>

    <p class='ocr_par' dir='ltr' id='par_1_2' title="bbox 237 1455 1308 2949">
     <span class='ocr_line' id='line_1_12' title="bbox 290 1455 1303 1559; baseline -0.006 -24"><span class='ocrx_word' id='word_1_71' title='bbox 290 1464 420 1550; x_wconf 87' lang='lat' dir='ltr'><strong>Lucas,</strong></span> <span class='ocrx_word' id='word_1_72' title='bbox 440 1460 587 1534; x_wconf 91' lang='lat' dir='ltr'><strong>natione</strong></span> <span class='ocrx_word' id='word_1_73' title='bbox 604 1459 733 1559; x_wconf 89' lang='lat' dir='ltr'><strong>Syrus,</strong></span> <span class='ocrx_word' id='word_1_74' title='bbox 753 1473 830 1530; x_wconf 88' lang='lat' dir='ltr'><strong>arte</strong></span> <span class='ocrx_word' id='word_1_75' title='bbox 845 1455 1020 1547; x_wconf 88' lang='lat' dir='ltr'><strong>medicus,</strong></span> <span class='ocrx_word' id='word_1_76' title='bbox 1037 1457 1170 1531; x_wconf 83' lang='lat' dir='ltr'><strong>Christi</strong></span> <span class='ocrx_word' id='word_1_77' title='bbox 1190 1456 1303 1532; x_wconf 89' lang='lat' dir='ltr'><strong>fidelis</strong></span> 
     </span>
     <span class='ocr_line' id='line_1_13' title="bbox 240 1574 1303 1680; baseline -0.007 -26"><span class='ocrx_word' id='word_1_78' title='bbox 240 1579 457 1680; x_wconf 88' lang='lat' dir='ltr'><strong>discipulus,</strong></span> <span class='ocrx_word' id='word_1_79' title='bbox 476 1579 630 1678; x_wconf 84' lang='lat' dir='ltr'><strong>Spiritus</strong></span> <span class='ocrx_word' id='word_1_80' title='bbox 648 1576 768 1648; x_wconf 86' lang='lat' dir='ltr'><strong>Sancti</strong></span> <span class='ocrx_word' id='word_1_81' title='bbox 785 1575 897 1676; x_wconf 79' lang='lat' dir='ltr'><strong>gratia</strong></span> <span class='ocrx_word' id='word_1_82' title='bbox 916 1574 1093 1675; x_wconf 90' lang='lat' dir='ltr'><strong>repletus,</strong></span> <span class='ocrx_word' id='word_1_83' title='bbox 1112 1589 1303 1676; x_wconf 84' lang='lat' dir='ltr'><strong>postquam</strong></span> 
     </span>
     <span class='ocr_line' id='line_1_14' title="bbox 238 1691 1304 1798; baseline -0.008 -26"><span class='ocrx_word' id='word_1_84' title='bbox 238 1697 474 1798; x_wconf 83' lang='lat' dir='ltr'><strong>Evangelium</strong></span> <span class='ocrx_word' id='word_1_85' title='bbox 496 1694 637 1794; x_wconf 87' lang='lat' dir='ltr'><strong>scripsit</strong></span> <span class='ocrx_word' id='word_1_86' title='bbox 660 1693 797 1765; x_wconf 88' lang='lat' dir='ltr'><strong>Graecis</strong></span> <span class='ocrx_word' id='word_1_87' title='bbox 823 1691 1006 1781; x_wconf 90' lang='lat' dir='ltr'><strong>fidelibus,</strong></span> <span class='ocrx_word' id='word_1_88' title='bbox 1035 1693 1173 1792; x_wconf 82' lang='lat' dir='ltr'><strong>insigne</strong></span> <span class='ocrx_word' id='word_1_89' title='bbox 1199 1693 1304 1766; x_wconf 84' lang='lat' dir='ltr'><strong>volu-</strong></span> 
     </span>
     <span class='ocr_line' id='line_1_15' title="bbox 240 1807 1304 1912; baseline -0.002 -27"><span class='ocrx_word' id='word_1_90' title='bbox 240 1840 323 1888; x_wconf 89' lang='lat' dir='ltr'><strong>men</strong></span> <span class='ocrx_word' id='word_1_91' title='bbox 337 1811 541 1912; x_wconf 89' lang='lat' dir='ltr'><strong>Theophilo</strong></span> <span class='ocrx_word' id='word_1_92' title='bbox 552 1809 680 1908; x_wconf 89' lang='lat' dir='ltr'><strong>adjecit</strong></span> <span class='ocrx_word' id='word_1_93' title='bbox 692 1807 736 1882; x_wconf 92' lang='lat' dir='ltr'><strong>de</strong></span> <span class='ocrx_word' id='word_1_94' title='bbox 745 1809 1003 1909; x_wconf 81' lang='lat' dir='ltr'><strong>Apostolorum</strong></span> <span class='ocrx_word' id='word_1_95' title='bbox 1013 1807 1177 1882; x_wconf 88' lang='lat' dir='ltr'><strong>Actibus.</strong></span> <span class='ocrx_word' id='word_1_96' title='bbox 1191 1808 1304 1883; x_wconf 87' lang='lat' dir='ltr'><strong>Thoo-</strong></span> 
     </span>
     <span class='ocr_line' id='line_1_16' title="bbox 239 1925 1304 2029; baseline -0.003 -27"><span class='ocrx_word' id='word_1_97' title='bbox 239 1928 360 2029; x_wconf 89' lang='lat' dir='ltr'><strong>philus</strong></span> <span class='ocrx_word' id='word_1_98' title='bbox 382 1930 518 2028; x_wconf 91' lang='lat' dir='ltr'><strong>quippe</strong></span> <span class='ocrx_word' id='word_1_99' title='bbox 534 1926 794 2023; x_wconf 88' lang='lat' dir='ltr'><strong>interpretatur</strong></span> <span class='ocrx_word' id='word_1_100' title='bbox 810 1926 930 1997; x_wconf 85' lang='lat' dir='ltr'><strong>Deum</strong></span> <span class='ocrx_word' id='word_1_101' title='bbox 945 1925 1124 2025; x_wconf 77' lang='lat' dir='ltr'><strong>diligens,</strong></span> <span class='ocrx_word' id='word_1_102' title='bbox 1144 1950 1220 2024; x_wconf 91' lang='lat' dir='ltr'><strong>quo</strong></span> <span class='ocrx_word' id='word_1_103' title='bbox 1243 1925 1304 1999; x_wconf 89' lang='lat' dir='ltr'><strong>de-</strong></span> 
     </span>
     <span class='ocr_line' id='line_1_17' title="bbox 239 2037 1304 2145; baseline -0.002 -28"><span class='ocrx_word' id='word_1_104' title='bbox 239 2045 402 2145; x_wconf 86' lang='lat' dir='ltr'><strong>signatur</strong></span> <span class='ocrx_word' id='word_1_105' title='bbox 427 2042 545 2115; x_wconf 91' lang='lat' dir='ltr'><strong>omnis</strong></span> <span class='ocrx_word' id='word_1_106' title='bbox 563 2038 740 2114; x_wconf 90' lang='lat' dir='ltr'><strong>studiosus</strong></span> <span class='ocrx_word' id='word_1_107' title='bbox 758 2056 795 2114; x_wconf 93' lang='lat' dir='ltr'><strong>et</strong></span> <span class='ocrx_word' id='word_1_108' title='bbox 812 2040 1032 2141; x_wconf 86' lang='lat' dir='ltr'><strong>intelligens,</strong></span> <span class='ocrx_word' id='word_1_109' title='bbox 1051 2055 1087 2114; x_wconf 90' lang='lat' dir='ltr'><strong>et</strong></span> <span class='ocrx_word' id='word_1_110' title='bbox 1108 2041 1149 2112; x_wconf 89' lang='lat' dir='ltr'><strong>in</strong></span> <span class='ocrx_word' id='word_1_111' title='bbox 1171 2037 1304 2115; x_wconf 81' lang='lat' dir='ltr'><strong>divinae</strong></span> 
     </span>
     <span class='ocr_line' id='line_1_18' title="bbox 240 2136 1302 2260; baseline -0.002 -29"><span class='ocrx_word' id='word_1_112' title='bbox 240 2158 327 2260; x_wconf 79' lang='lat' dir='ltr'><strong>legis</strong></span> <span class='ocrx_word' id='word_1_113' title='bbox 352 2157 585 2231; x_wconf 88' lang='lat' dir='ltr'><strong>meditatione</strong></span> <span class='ocrx_word' id='word_1_114' title='bbox 606 2158 683 2256; x_wconf 81' lang='lat' dir='ltr'><strong>jugi</strong></span> <span class='ocrx_word' id='word_1_115' title='bbox 696 2136 851 2230; x_wconf 58' lang='lat' dir='ltr'><strong>‘fervens</strong></span> <span class='ocrx_word' id='word_1_116' title='bbox 864 2186 875 2244; x_wconf 87' lang='lat'>;</span> <span class='ocrx_word' id='word_1_117' title='bbox 903 2156 946 2229; x_wconf 88' lang='lat' dir='ltr'><strong>ad</strong></span> <span class='ocrx_word' id='word_1_118' title='bbox 971 2182 1079 2257; x_wconf 90' lang='lat' dir='ltr'><strong>quem</strong></span> <span class='ocrx_word' id='word_1_119' title='bbox 1103 2183 1223 2232; x_wconf 88' lang='lat' dir='ltr'><strong>sermo</strong></span> <span class='ocrx_word' id='word_1_120' title='bbox 1240 2158 1302 2231; x_wconf 87' lang='lat' dir='ltr'><strong>Dei</strong></span> 
     </span>
     <span class='ocr_line' id='line_1_19' title="bbox 237 2271 1302 2379; baseline 0 -31"><span class='ocrx_word' id='word_1_121' title='bbox 237 2278 320 2379; x_wconf 89' lang='lat' dir='ltr'><strong>jure</strong></span> <span class='ocrx_word' id='word_1_122' title='bbox 348 2273 530 2373; x_wconf 82' lang='lat' dir='ltr'><strong>dirigitur,</strong></span> <span class='ocrx_word' id='word_1_123' title='bbox 563 2286 642 2345; x_wconf 90' lang='lat' dir='ltr'><strong>eta</strong></span> <span class='ocrx_word' id='word_1_124' title='bbox 669 2297 743 2372; x_wconf 88' lang='lat' dir='ltr'><strong>quo</strong></span> <span class='ocrx_word' id='word_1_125' title='bbox 770 2271 863 2346; x_wconf 93' lang='lat' dir='ltr'><strong>idem</strong></span> <span class='ocrx_word' id='word_1_126' title='bbox 888 2274 1058 2346; x_wconf 81' lang='lat' dir='ltr'><strong>vivaciter</strong></span> <span class='ocrx_word' id='word_1_127' title='bbox 1082 2275 1302 2375; x_wconf 86' lang='lat' dir='ltr'><strong>percipitur,</strong></span> 
     </span>
     <span class='ocr_line' id='line_1_20' title="bbox 241 2385 1304 2488; baseline 0.002 -29"><span class='ocrx_word' id='word_1_128' title='bbox 241 2387 454 2488; x_wconf 83' lang='lat' dir='ltr'><strong>glutinoque</strong></span> <span class='ocrx_word' id='word_1_129' title='bbox 479 2385 681 2459; x_wconf 88' lang='lat' dir='ltr'><strong>dilectionis</strong></span> <span class='ocrx_word' id='word_1_130' title='bbox 706 2411 801 2458; x_wconf 86' lang='lat' dir='ltr'><strong>verae</strong></span> <span class='ocrx_word' id='word_1_131' title='bbox 826 2387 999 2459; x_wconf 88' lang='lat' dir='ltr'><strong>tenaciter</strong></span> <span class='ocrx_word' id='word_1_132' title='bbox 1023 2387 1216 2461; x_wconf 87' lang='lat' dir='ltr'><strong>retinetur.</strong></span> <span class='ocrx_word' id='word_1_133' title='bbox 1247 2389 1304 2461; x_wconf 95' lang='lat' dir='ltr'><strong>llli</strong></span> 
     </span>
     <span class='ocr_line' id='line_1_21' title="bbox 242 2500 1306 2604; baseline 0.004 -28"><span class='ocrx_word' id='word_1_134' title='bbox 242 2504 419 2576; x_wconf 86' lang='lat' dir='ltr'><strong>nimirum</strong></span> <span class='ocrx_word' id='word_1_135' title='bbox 434 2501 683 2604; x_wconf 77' lang='lat' dir='ltr'><strong>Evangelium,</strong></span> <span class='ocrx_word' id='word_1_136' title='bbox 700 2500 736 2573; x_wconf 92' lang='lat' dir='ltr'><strong>id</strong></span> <span class='ocrx_word' id='word_1_137' title='bbox 751 2517 804 2576; x_wconf 91' lang='lat' dir='ltr'><strong>est</strong></span> <span class='ocrx_word' id='word_1_138' title='bbox 818 2502 956 2576; x_wconf 89' lang='lat' dir='ltr'><strong>bouum</strong></span> <span class='ocrx_word' id='word_1_139' title='bbox 970 2503 1158 2593; x_wconf 89' lang='lat' dir='ltr'><strong>nuntium,</strong></span> <span class='ocrx_word' id='word_1_140' title='bbox 1174 2506 1306 2580; x_wconf 87' lang='lat' dir='ltr'><strong>merito</strong></span> 
     </span>
     <span class='ocr_line' id='line_1_22' title="bbox 243 2618 1308 2719; baseline 0.003 -27"><span class='ocrx_word' id='word_1_141' title='bbox 243 2619 460 2708; x_wconf 89' lang='lat' dir='ltr'><strong>insinuatur,</strong></span> <span class='ocrx_word' id='word_1_142' title='bbox 472 2618 736 2692; x_wconf 85' lang='lat' dir='ltr'><strong>etinvictorum</strong></span> <span class='ocrx_word' id='word_1_143' title='bbox 747 2618 950 2719; x_wconf 89' lang='lat' dir='ltr'><strong>triumphus</strong></span> <span class='ocrx_word' id='word_1_144' title='bbox 959 2620 1204 2719; x_wconf 89' lang='lat' dir='ltr'><strong>apostolorum</strong></span> <span class='ocrx_word' id='word_1_145' title='bbox 1216 2648 1308 2695; x_wconf 87' lang='lat' dir='ltr'><strong>mar-</strong></span> 
     </span>
     <span class='ocr_line' id='line_1_23' title="bbox 244 2731 1308 2836; baseline 0.005 -31"><span class='ocrx_word' id='word_1_146' title='bbox 244 2747 440 2836; x_wconf 86' lang='lat' dir='ltr'><strong>tyrumque</strong></span> <span class='ocrx_word' id='word_1_147' title='bbox 453 2747 680 2821; x_wconf 89' lang='lat' dir='ltr'><strong>recensetur,</strong></span> <span class='ocrx_word' id='word_1_148' title='bbox 700 2732 783 2833; x_wconf 87' lang='lat' dir='ltr'><strong>quia</strong></span> <span class='ocrx_word' id='word_1_149' title='bbox 801 2731 1003 2833; x_wconf 87' lang='lat' dir='ltr'><strong>hujusmodi</strong></span> <span class='ocrx_word' id='word_1_150' title='bbox 1022 2736 1164 2809; x_wconf 89' lang='lat' dir='ltr'><strong>secretis</strong></span> <span class='ocrx_word' id='word_1_151' title='bbox 1178 2735 1308 2810; x_wconf 84' lang='lat' dir='ltr'><strong>coeles·</strong></span> 
     </span>
     <span class='ocr_line' id='line_1_24' title="bbox 245 2845 919 2949; baseline 0 -28"><span class='ocrx_word' id='word_1_152' title='bbox 245 2848 341 2921; x_wconf 91' lang='lat' dir='ltr'><strong>tibus</strong></span> <span class='ocrx_word' id='word_1_153' title='bbox 359 2850 527 2922; x_wconf 87' lang='lat' dir='ltr'><strong>interesse</strong></span> <span class='ocrx_word' id='word_1_154' title='bbox 540 2847 668 2949; x_wconf 84' lang='lat' dir='ltr'><strong>dignus</strong></span> <span class='ocrx_word' id='word_1_155' title='bbox 682 2845 834 2922; x_wconf 91' lang='lat' dir='ltr'><strong>habetur</strong></span> <span class='ocrx_word' id='word_1_156' title='bbox 848 2849 864 2947; x_wconf 95' lang='lat'>(</span> <span class='ocrx_word' id='word_1_157' title='bbox 888 2850 919 2948; x_wconf 89' lang='lat'><strong>).</strong></span> 
     </span>
    </p>

    <p class='ocr_par' dir='ltr' id='par_1_3' title="bbox 246 2964 1309 3304">
     <span class='ocr_line' id='line_1_25' title="bbox 295 2964 1309 3066; baseline 0.006 -28"><span class='ocrx_word' id='word_1_158' title='bbox 295 2967 480 3039; x_wconf 88' lang='lat' dir='ltr'><strong>Facundus</strong></span> <span class='ocrx_word' id='word_1_159' title='bbox 497 2991 641 3066; x_wconf 90' lang='lat' dir='ltr'><strong>quoque</strong></span> <span class='ocrx_word' id='word_1_160' title='bbox 660 2964 810 3055; x_wconf 83' lang='lat' dir='ltr'><strong>Arator,</strong></span> <span class='ocrx_word' id='word_1_161' title='bbox 828 2992 987 3040; x_wconf 85' lang='lat' dir='ltr'><strong>romanae</strong></span> <span class='ocrx_word' id='word_1_162' title='bbox 1006 2967 1095 3041; x_wconf 89' lang='lat' dir='ltr'><strong>sedis</strong></span> <span class='ocrx_word' id='word_1_163' title='bbox 1115 2965 1309 3044; x_wconf 85' lang='lat' dir='ltr'><strong>subdiaco-</strong></span> 
     </span>
     <span class='ocr_line' id='line_1_26' title="bbox 246 3082 1309 3187; baseline 0.004 -32"><span class='ocrx_word' id='word_1_164' title='bbox 246 3108 328 3170; x_wconf 90' lang='lat' dir='ltr'><strong>nus,</strong></span> <span class='ocrx_word' id='word_1_165' title='bbox 347 3082 591 3155; x_wconf 89' lang='lat' dir='ltr'><strong>narrationem</strong></span> <span class='ocrx_word' id='word_1_166' title='bbox 600 3083 707 3156; x_wconf 86' lang='lat' dir='ltr'><strong>Lucae</strong></span> <span class='ocrx_word' id='word_1_167' title='bbox 721 3084 820 3183; x_wconf 90' lang='lat' dir='ltr'><strong>sequi</strong></span> <span class='ocrx_word' id='word_1_168' title='bbox 837 3083 993 3171; x_wconf 89' lang='lat' dir='ltr'><strong>studuit,</strong></span> <span class='ocrx_word' id='word_1_169' title='bbox 1013 3100 1048 3157; x_wconf 89' lang='lat' dir='ltr'><strong>et</strong></span> <span class='ocrx_word' id='word_1_170' title='bbox 1069 3085 1151 3159; x_wconf 91' lang='lat' dir='ltr'><strong>inde</strong></span> <span class='ocrx_word' id='word_1_171' title='bbox 1170 3088 1309 3187; x_wconf 86' lang='lat' dir='ltr'><strong>specia-</strong></span> 
     </span>
     <span class='ocr_line' id='line_1_27' title="bbox 247 3195 1309 3304; baseline 0.007 -36"><span class='ocrx_word' id='word_1_172' title='bbox 247 3197 319 3271; x_wconf 92' lang='lat' dir='ltr'><strong>lem</strong></span> <span class='ocrx_word' id='word_1_173' title='bbox 330 3195 550 3271; x_wconf 85' lang='lat' dir='ltr'><strong>versificandi</strong></span> <span class='ocrx_word' id='word_1_174' title='bbox 560 3199 747 3272; x_wconf 87' lang='lat' dir='ltr'><strong>materiam</strong></span> <span class='ocrx_word' id='word_1_175' title='bbox 759 3199 929 3298; x_wconf 87' lang='lat' dir='ltr'><strong>sumpsit,</strong></span> <span class='ocrx_word' id='word_1_176' title='bbox 945 3215 1050 3300; x_wconf 88' lang='lat' dir='ltr'><strong>atque</strong></span> <span class='ocrx_word' id='word_1_177' title='bbox 1060 3199 1194 3302; x_wconf 81' lang='lat' dir='ltr'><strong>Vigilio</strong></span> <span class='ocrx_word' id='word_1_178' title='bbox 1208 3231 1309 3304; x_wconf 85' lang='lat' dir='ltr'><strong>papae</strong></span> 
     </span>
    </p>
   </div>
   <div class='ocr_carea' id='block_1_2' title="bbox 247 3460 1312 3976">
    <p class='ocr_par' dir='ltr' id='par_1_4' title="bbox 247 3460 1312 3976">
     <span class='ocr_line' id='line_1_28' title="bbox 283 3460 1311 3539; baseline 0.006 -24"><span class='ocrx_word' id='word_1_179' title='bbox 283 3462 293 3530; x_wconf 87' lang='grc'>(</span> <span class='ocrx_word' id='word_1_180' title='bbox 299 3462 323 3532; x_wconf 88' lang='lat' dir='ltr'><strong>r)</strong></span> <span class='ocrx_word' id='word_1_181' title='bbox 340 3461 390 3517; x_wconf 78' lang='lat' dir='ltr'><strong>Les</strong></span> <span class='ocrx_word' id='word_1_182' title='bbox 402 3461 488 3516; x_wconf 84' lang='lat' dir='ltr'><strong>Actes</strong></span> <span class='ocrx_word' id='word_1_183' title='bbox 499 3460 550 3517; x_wconf 80' lang='lat' dir='ltr'><strong>des</strong></span> <span class='ocrx_word' id='word_1_184' title='bbox 561 3461 683 3532; x_wconf 72' lang='lat' dir='ltr'><strong>Aponus</strong></span> <span class='ocrx_word' id='word_1_185' title='bbox 695 3461 815 3517; x_wconf 78' lang='lat' dir='ltr'><strong>forment</strong></span> <span class='ocrx_word' id='word_1_186' title='bbox 825 3461 851 3516; x_wconf 78' lang='lat' dir='ltr'><strong>la</strong></span> <span class='ocrx_word' id='word_1_187' title='bbox 863 3461 1006 3517; x_wconf 74' lang='lat' dir='ltr'><strong>deuxieme</strong></span> <span class='ocrx_word' id='word_1_188' title='bbox 1016 3464 1105 3536; x_wconf 78' lang='lat' dir='ltr'><strong>partie</strong></span> <span class='ocrx_word' id='word_1_189' title='bbox 1119 3464 1155 3520; x_wconf 88' lang='lat' dir='ltr'><strong>de</strong></span> <span class='ocrx_word' id='word_1_190' title='bbox 1167 3463 1311 3539; x_wconf 75' lang='lat' dir='ltr'><strong>l’evangile</strong></span> 
     </span>
     <span class='ocr_line' id='line_1_29' title="bbox 249 3548 1312 3627; baseline 0.007 -23"><span class='ocrx_word' id='word_1_191' title='bbox 249 3548 285 3605; x_wconf 85' lang='lat' dir='ltr'><strong>de</strong></span> <span class='ocrx_word' id='word_1_192' title='bbox 297 3549 368 3605; x_wconf 85' lang='lat' dir='ltr'><strong>saint</strong></span> <span class='ocrx_word' id='word_1_193' title='bbox 382 3551 454 3617; x_wconf 89' lang='lat' dir='ltr'><strong>Luc,</strong></span> <span class='ocrx_word' id='word_1_194' title='bbox 468 3561 498 3605; x_wconf 86' lang='lat' dir='ltr'><strong>et</strong></span> <span class='ocrx_word' id='word_1_195' title='bbox 516 3560 579 3605; x_wconf 79' lang='lat' dir='ltr'><strong>sont</strong></span> <span class='ocrx_word' id='word_1_196' title='bbox 596 3550 718 3605; x_wconf 79' lang='lat' dir='ltr'><strong>adresses</strong></span> <span class='ocrx_word' id='word_1_197' title='bbox 735 3570 771 3606; x_wconf 87' lang='lat' dir='ltr'><strong>au</strong></span> <span class='ocrx_word' id='word_1_198' title='bbox 787 3552 877 3607; x_wconf 70' lang='lat' dir='ltr'><strong>meme</strong></span> <span class='ocrx_word' id='word_1_199' title='bbox 895 3570 1073 3627; x_wconf 75' lang='lat' dir='ltr'><strong>personnage.</strong></span> <span class='ocrx_word' id='word_1_200' title='bbox 1089 3554 1125 3609; x_wconf 82' lang='lat' dir='ltr'><strong>lls</strong></span> <span class='ocrx_word' id='word_1_201' title='bbox 1138 3554 1312 3611; x_wconf 71' lang='lat' dir='ltr'><strong>embrssseot</strong></span> 
     </span>
     <span class='ocr_line' id='line_1_30' title="bbox 249 3637 1311 3713; baseline 0.007 -22"><span class='ocrx_word' id='word_1_202' title='bbox 249 3655 305 3694; x_wconf 86' lang='lat' dir='ltr'><strong>une</strong></span> <span class='ocrx_word' id='word_1_203' title='bbox 317 3637 429 3711; x_wconf 74' lang='lat' dir='ltr'><strong>periode</strong></span> <span class='ocrx_word' id='word_1_204' title='bbox 442 3637 477 3693; x_wconf 88' lang='lat' dir='ltr'><strong>de</strong></span> <span class='ocrx_word' id='word_1_205' title='bbox 489 3640 665 3693; x_wconf 83' lang='lat' dir='ltr'><strong>trente-trois</strong></span> <span class='ocrx_word' id='word_1_206' title='bbox 677 3641 790 3707; x_wconf 73' lang='lat' dir='ltr'><strong>enodes,</strong></span> <span class='ocrx_word' id='word_1_207' title='bbox 804 3638 902 3713; x_wconf 88' lang='lat' dir='ltr'><strong>depuis</strong></span> <span class='ocrx_word' id='word_1_208' title='bbox 914 3640 968 3695; x_wconf 89' lang='lat' dir='ltr'><strong>l&#39;an</strong></span> <span class='ocrx_word' id='word_1_209' title='bbox 980 3639 1014 3695; x_wconf 69' lang='lat'><strong>32</strong></span> <span class='ocrx_word' id='word_1_210' title='bbox 1024 3640 1058 3695; x_wconf 87' lang='lat' dir='ltr'><strong>de</strong></span> <span class='ocrx_word' id='word_1_211' title='bbox 1071 3639 1137 3696; x_wconf 74' lang='lat' dir='ltr'><strong>l&#39;ere</strong></span> <span class='ocrx_word' id='word_1_212' title='bbox 1148 3643 1311 3698; x_wconf 74' lang='lat' dir='ltr'><strong>clrrdtienne</strong></span> 
     </span>
     <span class='ocr_line' id='line_1_31' title="bbox 247 3723 1312 3804; baseline 0.007 -25"><span class='ocrx_word' id='word_1_213' title='bbox 247 3724 375 3799; x_wconf 81' lang='lat' dir='ltr'><strong>jusqu’en</strong></span> <span class='ocrx_word' id='word_1_214' title='bbox 388 3723 422 3781; x_wconf 84' lang='lat'><strong>65</strong></span> <span class='ocrx_word' id='word_1_215' title='bbox 435 3727 558 3782; x_wconf 83' lang='lat' dir='ltr'><strong>environ.</strong></span> <span class='ocrx_word' id='word_1_216' title='bbox 577 3725 683 3800; x_wconf 80' lang='lat' dir='ltr'><strong>Malgre</strong></span> <span class='ocrx_word' id='word_1_217' title='bbox 700 3737 762 3782; x_wconf 86' lang='lat' dir='ltr'><strong>tous</strong></span> <span class='ocrx_word' id='word_1_218' title='bbox 780 3727 820 3782; x_wconf 88' lang='lat' dir='ltr'><strong>les</strong></span> <span class='ocrx_word' id='word_1_219' title='bbox 834 3731 985 3784; x_wconf 69' lang='lat' dir='ltr'><strong>caracteres</strong></span> <span class='ocrx_word' id='word_1_220' title='bbox 1002 3728 1213 3785; x_wconf 79' lang='lat' dir='ltr'><strong>d‘authenticite</strong></span> <span class='ocrx_word' id='word_1_221' title='bbox 1229 3731 1312 3804; x_wconf 86' lang='lat' dir='ltr'><strong>qu&#39;ils</strong></span> 
     </span>
     <span class='ocr_line' id='line_1_32' title="bbox 250 3806 1311 3891; baseline 0.005 -22"><span class='ocrx_word' id='word_1_222' title='bbox 250 3816 422 3887; x_wconf 64' lang='lat' dir='ltr'><strong>presentent,</strong></span> <span class='ocrx_word' id='word_1_223' title='bbox 436 3813 469 3869; x_wconf 88' lang='lat' dir='ltr'><strong>ils</strong></span> <span class='ocrx_word' id='word_1_224' title='bbox 482 3815 560 3870; x_wconf 82' lang='lat' dir='ltr'><strong>n&#39;out</strong></span> <span class='ocrx_word' id='word_1_225' title='bbox 572 3818 731 3871; x_wconf 74' lang='lat' dir='ltr'><strong>commenoe</strong></span> <span class='ocrx_word' id='word_1_226' title='bbox 743 3818 759 3870; x_wconf 73' lang='grc' dir='ltr'>ὲ</span> <span class='ocrx_word' id='word_1_227' title='bbox 770 3816 830 3871; x_wconf 75' lang='lat' dir='ltr'><strong>etro</strong></span> <span class='ocrx_word' id='word_1_228' title='bbox 843 3817 912 3872; x_wconf 77' lang='lat' dir='ltr'><strong>cites</strong></span> <span class='ocrx_word' id='word_1_229' title='bbox 924 3836 975 3890; x_wconf 89' lang='lat' dir='ltr'><strong>par</strong></span> <span class='ocrx_word' id='word_1_230' title='bbox 992 3816 1031 3871; x_wconf 82' lang='lat' dir='ltr'><strong>lca</strong></span> <span class='ocrx_word' id='word_1_231' title='bbox 1051 3817 1134 3872; x_wconf 71' lang='lat' dir='ltr'><strong>Perea</strong></span> <span class='ocrx_word' id='word_1_232' title='bbox 1146 3816 1182 3872; x_wconf 84' lang='lat' dir='ltr'><strong>de</strong></span> <span class='ocrx_word' id='word_1_233' title='bbox 1199 3806 1311 3891; x_wconf 59' lang='lat' dir='ltr'><strong>l’liglise</strong></span> 
     </span>
     <span class='ocr_line' id='line_1_33' title="bbox 250 3904 819 3976; baseline 0.005 -19"><span class='ocrx_word' id='word_1_234' title='bbox 250 3904 312 3976; x_wconf 76' lang='lat' dir='ltr'><strong>qu’a</strong></span> <span class='ocrx_word' id='word_1_235' title='bbox 323 3921 379 3957; x_wconf 85' lang='lat' dir='ltr'><strong>une</strong></span> <span class='ocrx_word' id='word_1_236' title='bbox 390 3904 495 3974; x_wconf 77' lang='lat' dir='ltr'><strong>epoque</strong></span> <span class='ocrx_word' id='word_1_237' title='bbox 505 3906 620 3959; x_wconf 74' lang='lat' dir='ltr'><strong>arancee</strong></span> <span class='ocrx_word' id='word_1_238' title='bbox 633 3904 671 3959; x_wconf 88' lang='lat' dir='ltr'><strong>du</strong></span> <span class='ocrx_word' id='word_1_239' title='bbox 686 3914 717 3959; x_wconf 79' lang='grc' dir='ltr'><strong>ιι·</strong></span> <span class='ocrx_word' id='word_1_240' title='bbox 729 3904 819 3961; x_wconf 68' lang='lat' dir='ltr'><strong>siecle.</strong></span> 
     </span>
    </p>
   </div>
   <div class='ocr_carea' id='block_1_3' title="bbox 0 0 1462 4958">
    <p class='ocr_par' dir='ltr' id='par_1_5' title="bbox 0 0 1462 4958">
     <span class='ocr_line' id='line_1_34' title="bbox 0 0 1462 4958; baseline 0 0"><span class='ocrx_word' id='word_1_241' title='bbox 0 0 1462 4958; x_wconf 95' lang='lat' dir='ltr'><strong> </strong></span> 
     </span>
    </p>
   </div>
  </div>
 </body>
</html>
