2916 4958
198 404 257 464 stt
470 398 654 463 nlstottts
673 398 977 465 ECCbfflleTlCA.

196 521 373 594 immenso
403 521 562 594 exercitu
592 519 948 621 Constantinopolim
977 522 1260 612 convenientes,

196 638 355 712 triennio
370 637 552 712 civitatem
568 635 753 726 obsident,
781 637 898 714 donec
914 637 1052 712 civibus
1067 639 1182 712 multa
1198 640 1262 714 in-

195 755 323 827 stantia
339 750 383 826 ad
403 754 604 829 Dominum
619 753 877 844 clamantibus,
896 756 1045 856 plurimi
1061 782 1190 831 eorum
1205 754 1263 830 fa·

191 897 271 960 me,
290 869 448 971 frigore,
475 870 747 972 pestilentiaque
770 872 955 971 perirent,
977 898 1018 945 ac
1041 873 1093 945 sic
1115 870 1262 972 pertusi

195 986 391 1063 obsidionis
405 986 647 1063 abscederent.
662 988 823 1091 Regressi
837 987 1080 1090 vulgarorum
1091 1003 1260 1091 gentem,

194 1132 277 1207 quse
300 1132 407 1206 super
423 1103 631 1178 Danubium
647 1119 720 1195 est,
745 1103 844 1180 bello
861 1104 1141 1206 aggrediuntur,
1161 1120 1199 1180 et
1213 1104 1261 1181 ab

194 1222 259 1296 bac
276 1247 422 1324 quoque
443 1220 528 1294 victi
549 1220 756 1320 retugiunt,
782 1246 824 1293 ac
844 1246 952 1295 naves
972 1248 1051 1295 suas
1073 1236 1260 1321 repetunt.

194 1337 355 1433 Quibus,
374 1364 458 1410 cum
471 1336 586 1411 altum
601 1351 789 1436 peterent,
817 1339 1008 1439 ingruente
1024 1338 1143 1412 subita
1167 1352 1262 1413 tem-

193 1470 329 1556 pestate
344 1453 492 1554 plurimi
516 1455 625 1528 etiam
648 1456 776 1544 mersi,
796 1456 870 1530 sive
893 1456 1087 1530 confractis
1109 1482 1178 1557 per
1197 1456 1263 1531 lit-

194 1591 273 1647 tora
295 1569 446 1645 navibus
471 1585 557 1644 sunt
576 1572 707 1645 necati.
732 1571 1001 1672 Liutbprandns
1024 1599 1088 1649 rex
1113 1572 1263 1649 audiens

194 1688 293 1791 quod
308 1690 513 1777 sarraceni,
531 1687 744 1789 depopulata
767 1690 947 1779 Sardinia,
958 1691 1075 1765 etiam
1091 1689 1170 1764 loca
1187 1688 1263 1765 ioe-

194 1808 322 1882 dareut
339 1806 418 1894 illa,
438 1802 500 1878 ubi
518 1831 593 1880 ossa
608 1807 720 1879 sancti
733 1805 923 1908 Augustini
937 1807 1094 1907 episcopi
1107 1820 1262 1906 propter

194 1923 431 1997 vastationem
451 1919 691 1996 barbarorum
714 1922 804 1997 olim
828 1923 1018 2011 translata,
1043 1936 1081 1997 et
1104 1921 1262 1997 honori-

194 2038 261 2114 fice
276 2037 422 2113 fuerant
437 2036 603 2128 condita,
621 2039 741 2129 misit,
761 2054 798 2113 et
810 2038 896 2114 dato
911 2064 1043 2140 magno
1058 2040 1180 2139 pretio
1200 2064 1263 2115 ao·

194 2158 309 2256 cepit,
327 2181 438 2256 eaque
455 2156 493 2229 in
514 2156 651 2229 Ticinis
668 2157 875 2246 transtulit,
890 2154 1106 2258 ibiquecum
1118 2156 1262 2233 honore

194 2287 298 2346 tanto
313 2273 407 2373 patri
423 2269 548 2344 debito
564 2270 756 2370 condidit(
781 2272 812 2371 ).

244 2385 384 2461 XXIV.
412 2387 491 2457 Huc
516 2411 629 2486 usquc
655 2384 979 2488 chronographiam
994 2388 1137 2489 Anglici
1156 2387 1266 2465 Beda

194 2733 267 2790 etde
278 2733 348 2788 dans
363 2731 391 2787 le
403 2731 492 2787 calcul
502 2730 552 2786 des
563 2735 663 2788 annees
676 2732 798 2788 debeor
813 2731 970 2803 Pisandes,
985 2734 1193 2791 mus-refldchir
1203 2752 1261 2811 quo

193 2820 348 2876 l’bistorien
360 2819 479 2894 anglais,
493 2828 568 2874 mort
580 2837 616 2874 en
629 2817 695 2895 735,
709 2819 809 2875 u'avait
819 2839 859 2894 pn
867 2820 928 2876 voir
935 2819 962 2876 la
974 2820 1012 2875 lin
1023 2819 1063 2875 dn
1072 2822 1158 2895 regne
1166 2820 1203 2877 de
1214 2830 1262 2879 oet

184 2928 347 2985 ompereur.
358 2909 397 2966 Ce
409 2907 507 2965 chiffie
519 2908 555 2964 dc
566 2909 637 2964 neul
651 2927 700 2965 ans
712 2928 782 2966 nous
792 2908 909 2984 indique
926 2928 981 2986 que
994 2909 1068 2966 bede
1077 2912 1197 2968 termina
1207 2928 1261 2969 ton

192 3001 275 3056 truite
287 3000 331 3055 De
344 3018 396 3055 sex
409 2998 554 3054 AEtatibus
570 2997 670 3053 mundi
685 3016 746 3054 vers
765 2998 818 3076 726
836 3016 874 3054 on
891 3016 957 3076 727,
977 3010 1005 3055 et
1024 3017 1075 3073 par
1087 3003 1262 3075 consequent

191 3102 291 3168 quatre
303 3108 341 3146 on
353 3090 420 3163 cinq
433 3106 482 3143 aus
496 3099 576 3144 avant
588 3106 638 3144 son
652 3088 773 3145 Histoire
785 3090 991 3163 ecclesiastibus
1004 3087 1087 3166 (731).

226 3183 264 3238 la
272 3181 413 3237 troisibme
425 3181 512 3234 auuee
526 3178 561 3234 de
574 3181 650 3234 Leon
661 3178 804 3235 l’Isanrien
817 3178 971 3253 comprend
982 3178 1081 3253 depuis
1092 3160 1120 3234 le
1132 3177 1167 3235 25
1185 3197 1261 3237 mm

192 3290 245 3349 7¹9
258 3272 389 3346 jusqn'au
406 3273 441 3336 al
458 3287 532 3325 mars
549 3287 618 3346 720³
632 3287 679 3340 or,
694 3270 761 3326 c’est
772 3288 808 3325 en
825 3269 877 3347 715
893 3288 948 3345 que
967 3269 1083 3326 Charles
1098 3269 1200 3329 nunt
1214 3271 1261 3329 snt

191 3362 304 3418 nomme
315 3359 370 3415 duc
381 3357 566 3428 d’Austrasie,
579 3358 606 3415 le
616 3375 645 3414 as
662 3376 736 3414 mars
748 3358 879 3434 717qu’i1
892 3358 976 3415 battit
986 3359 1136 3435 Ragenlroi
1146 3363 1162 3417 i
1171 3360 1260 3421 Vinci

190 3467 225 3505 en
234 3447 406 3515 cambresis,
416 3455 446 3502 et
457 3464 493 3502 en
505 3450 559 3521 724
571 3445 639 3521 qu'il
650 3444 789 3521 l'assicgea
799 3445 868 3501 dans
877 3447 995 3521 Angers.

224 3539 263 3610 (ι)
282 3537 319 3590 Le
338 3534 413 3607 siege
430 3532 466 3588 de
484 3533 713 3609 Constantinople
733 3553 769 3590 ue
791 3534 861 3589 dura
880 3535 966 3610 qn’nn
987 3553 1022 3590 an
1039 3530 1086 3605 (15
1104 3535 1170 3591 aodt
1189 3552 1259 3612 7¹7·

195 3624 225 3681 15
237 3623 304 3680 aodt
317 3620 390 3699 718).
409 3623 484 3677 Dans
499 3620 605 3692 l’hiver,
619 3622 646 3678 la
656 3632 731 3679 terre
741 3624 786 3679 lut
799 3633 928 3679 converte
939 3622 974 3678 de
988 3622 1077 3698 glaoes
1086 3634 1115 3679 et
1130 3623 1165 3680 de
1176 3625 1259 3699 neigo

190 3715 293 3770 dumut
304 3722 368 3769 cent
379 3711 426 3768 dix
435 3713 523 3785 jours.
538 3713 577 3772 ce
588 3713 681 3769 iurent
693 3713 732 3769 les
745 3713 877 3788 bulgares
889 3714 938 3788 qni
950 3715 1128 3789 attaquerent
1139 3713 1179 3769 let
1191 3714 1258 3770 Sar-

191 3805 323 3860 rasinsan
332 3812 457 3857 moment
468 3803 506 3857 ob
522 3800 556 3857 ils
570 3801 688 3858 levaient
702 3801 729 3859 le
742 3804 825 3878 siege.
840 3803 878 3858 la
890 3803 1010 3876 tempite
1025 3803 1069 3858 fut
1085 3803 1109 3858 si
1125 3802 1256 3875 terrible,
1274 3866 1281 3881 Ι

190 3893 259 3968 qu'il
272 3909 306 3947 ne
318 3900 425 3960 scutra,
439 3891 548 3961 dit-on,
562 3891 598 3947 de
608 3902 687 3949 toute
696 3893 724 3948 la
735 3893 830 3960 flotte,
842 3911 897 3968 que
910 3893 974 3968 cinq
985 3894 1124 3949 vaisseanx
1136 3892 1206 3949 dans
1218 3892 1259 3951 let

192 3990 269 4055 ports
280 3977 317 4034 de
336 3977 424 4051 Syrie.
444 3979 482 4034 La
498 3979 662 4036 translation
681 3979 730 4036 des
748 3982 868 4056 reliques
887 3981 922 4036 de
941 3983 1013 4037 saint
1029 3982 1169 4055 Augustis
1189 3981 1260 4039 dant

190 4068 293 4142 l’eglise
310 4066 499 4124 Saint-Pietre
515 4067 551 4124 de
563 4070 658 4137 Pario,
677 4088 728 4143 par
740 4070 767 4125 le
783 4071 825 4126 roi
842 4071 1009 4145 liutprand,
1029 4073 1118 4144 paruit
1133 4072 1259 4129 avoireu

192 4158 246 4225 lieu
259 4175 294 4213 cn
307 4166 368 4233 7²²·
