2894 4958
186 383 247 448 2⁴8
465 384 649 446 HISTORIA
663 386 975 450 Eccfflslts'rlca.

188 500 412 577 custodiente
434 503 551 577 milite
570 505 784 603 permissum
805 521 881 595 est3
909 508 1048 607 etpost
1070 508 1253 597 triduum,

188 617 639 717 convocatisprimoribus
660 621 872 697 ludaeorum
878 648 891 709 ,·
909 620 954 697 de
974 624 1146 723 ceptione
1169 640 1253 721 suu,

186 749 223 808 ct
240 734 285 807 de
305 734 408 807 malis
431 760 513 834 quae
539 763 560 808 a
587 735 763 810 fratribus
790 738 828 812 in
849 738 1045 813 Jemsalem
1067 748 1258 841 perpessus

187 850 322 939 suerat,
343 867 561 951 conquestus
583 851 817 928 est.·Deinde·
835 853 880 929 de
894 880 977 930 uera
995 853 1092 944 fide,
1107 856 1253 956 quein

185 967 268 1042 lesu
279 966 425 1041 Christo
440 982 516 1056 est,
535 968 690 1046 fideliter
703 969 848 1044 locutus
858 974 929 1046 est.
945 972 1106 1049 Biennio
1117 974 1254 1049 rotato

184 1111 250 1159 suo
270 1085 451 1160 conducto
468 1088 622 1176 mansit,
641 1087 779 1189 Ileique
795 1092 950 1190 regnum'
966 1087 1253 1190 omnibusprre·

184 1201 336 1296 dicavit,
355 1218 393 1277 et
410 1230 449 1278 en
469 1230 552 1304 quae
568 1204 720 1279 sunt·de
735 1205 895 1281 Domino
909 1208 993 1281 Jesu
1009 1205 1161 1282 Christo
1173 1212 1254 1282 cum

185 1321 287 1396 omni
309 1319 440 1393 fiducia·
453 1323 531 1395 sine
546 1321 969 1423 prohibitione'docnit(
993 1325 1025 1424 )
1203 1324 1206 1329 ’

233 1439 313 1510 Huc
337 1464 449 1539 usque
474 1438 626 1513 secutus·
639 1440 725 1513 sum·
740 1439 785 1515 de
808 1440 965 1515 Actibus
991 1441 1251 1543 Apostolorum

189 1554 434 1627 narrationem
451 1555 563 1626 sancti
592 1556 699 1627 Lucre
724 1557 985 1656 Evangelistae,
1012 1559 1083 1658 qui'
1102 1557 1253 1632 dimissis

186 1670 262 1741 aliis
287 1669 400 1744 refert
420 1671 582 1744 Paulum'
596 1673 760 1747 Romam
775 1673 912 1746 venisse
923 1700 943 1761 ,·
964 1672 1253 1774 ibique'bienulo

185 1782 337 1858 verbum
354 1785 419 1859 Ilei
442 1785 589 1860 nemine
612 1783 829 1886 prohibente
849 1787 1071 1886 praedicasse.
1088 1787 1253 1863 Secundo

185 1902 320 2003 quippe
335 1902 490 1977 Neronis
506 1929 603 1978 anno
618 1905 772 1979 Romam
787 1905 975 1993 introivit,
990 1908 1029 1978 et
1043 1905 1143 2005 apud
1154 1932 1252 1980 cum-

186 2019 291 2109 dem,
307 2046 391 2093 cum
403 2020 519 2094 adhuc
536 2021 574 2092 in
592 2021 705 2094 initiis
718 2020 838 2095 leuior
848 2036 960 2111 esset,
978 2047 1053 2096 sese
1068 2019 1249 2112 defendit,

187 2135 333 2237 Deoque
349 2135 601 2223 confortante,
628 2135 674 2211 de
697 2162 761 2212 ore
776 2137 956 2227 Neronis,
982 2162 1093 2237 quem
1114 2136 1253 2239 tropice

187 2255 557 2342 Leonemnominat,
583 2251 773 2342 liberatus,
797 2253 882 2329 inde
902 2253 1018 2342 exiit,
1042 2252 1146 2328 etad
1160 2253 1252 2329 oeci·

187 2368 273 2441 duos
296 2384 420 2469 gentes
439 2374 551 2470 usqne
574 2368 843 2444 in'Narbonam
865 2369 992 2444 Galliae
1016 2368 1253 2472 urhemper-

188 2485 373 2561 rexit.'lbi
391 2486 589 2576 nimirum,
606 2486 803 2578 ut'fertur,
826 2485 1008 2561 basilicam
1021 2489 1252 2579 construxit,

188 2617 224 2676 et
244 2603 282 2676 in
306 2602 483 2679 honorem
508 2602 800 2680 Machobseorum
823 2620 1028 2707 martyrum
1049 2605 1251 2696 dedicerit3

188 2719 251 2794 ubi
268 2719 383 2794 adhuc
400 2738 546 2822 apparet
569 2724 607 2795 in
629 2723 786 2797 maceria
799 2722 844 2797 de
862 2723 944 2798 oleo
965 2722 1252 2825 crucissignum,

187 2837 287 2940 quod
301 2838 396 2913 idem
406 2840 588 2940 apostolus
600 2838 733 2939 pollice
743 2840 932 2913 comitavit
947 2838 1088 2914 Deinde
1103 2840 1253 2913 Paulum

187 2955 403 3055 discipulum
423 2983 528 3030 snum
543 2955 756 3056 pontificem
778 2955 960 3032 ordinavit
981 2971 1018 3029 et
1037 2955 1156 3029 eidem
1171 2952 1253 3029 urlti

186 3071 393 3163 destinavit3
420 3076 481 3174 qui
501 3073 657 3146 multum
680 3074 718 3145 in
739 3073 846 3148 honis
868 3070 1046 3172 operibus·
1060 3070 1251 3162 laborans,

187 3189 293 3264 beato
311 3189 383 3265 fine
395 3192 506 3263 vitam
519 3187 787 3265 'consummavit
800 3191 867 3291 (a).

237 3307 297 3380 Sic
310 3307 346 3380 et
356 3306 414 3379 alii
431 3307 551 3407 plures
566 3307 604 3378 in
621 3306 774 3380 Ecclesia
789 3307 853 3380 Dei
866 3307 958 3381 mire
974 3307 1178 3397 fulserunt,
1191 3307 1253 3408 qui

187 3449 252 3523 per
268 3422 413 3498 beatum
427 3423 614 3498 doctorem
627 3423 791 3524 gentium
809 3424 846 3495 in
864 3421 934 3496 lide
955 3421 1254 3496 catholicuinsti·

189 3541 255 3613 tuti
275 3555 380 3630 sunt,
401 3544 439 3616 et
453 3542 492 3613 in
510 3540 675 3615 cathedra
692 3540 952 3642 magistraliad
968 3541 1169 3640 regendum
1183 3565 1253 3640 po-

220 3808 259 3877 (r)
277 3807 343 3862 Act.
355 3817 445 3880 apost.
461 3824 557 3875 rxvnr,
571 3804 647 3880 7-31.
663 3804 780 3878 (dr-63.)

222 3897 261 3966 (a)
278 3895 318 3950 Ce
331 3914 367 3948 ne
379 3906 441 3950 sont
455 3896 483 3950 ni
496 3895 569 3950 saint
580 3894 648 3949 Paul
667 3896 696 3950 ni
715 3894 772 3949 l’un
785 3895 820 3949 de
833 3912 875 3949 ses
887 3893 1016 3966 disciples
1033 3893 1192 3949 immediata
1204 3894 1250 3968 qui

187 3994 237 4037 ont
254 3982 340 4037 fonds
356 3983 459 4057 l’o'glise
476 3984 697 4056 metropolitaine
712 3984 748 4037 do
761 3984 924 4052 Narbonne,
939 3982 1007 4037 mais
1026 4000 1065 4037 nn
1079 3998 1250 4054 personnage

188 4071 226 4123 du
239 4072 327 4125 rueme
340 4089 418 4138 nom,
429 4071 529 4125 faisant
538 4073 626 4144 partie
635 4071 684 4125 dos
696 4082 756 4144 sept
768 4071 884 4144 sidones
894 4073 1011 4143 encoye's
1021 4069 1089 4126 dens
1098 4068 1251 4127 lesGaules

188 4177 246 4210 nus
260 4157 323 4227 250,
339 4160 406 4213 ainsi
423 4178 476 4232 qne
492 4178 560 4214 nous
575 4160 690 4215 l'attcstc
705 4159 843 4231 Gregoiro
856 4159 891 4214 de
904 4161 1004 4214 Tours.
