2894 4958
197 426 257 488 22⁸
473 424 658 486 HISTORIA
680 426 983 489 Ecctnsnsutct.

197 544 266 616 nisi
286 569 352 643 per
375 543 527 644 gratiam
551 543 707 642 Spiritus
732 546 852 620 Sancti
873 545 1093 623 obedientiae
1118 548 1261 650 adeptus

197 662 308 737 suerit
323 661 508 734 virtutem.
540 723 544 731 .
1000 749 1002 753 ¹

244 778 381 853 Deinde
406 778 568 852 Salvator
588 780 918 855 remunerationem
936 781 1007 881 pioe
1027 783 1262 858 confessionis

194 895 384 998 magnifice
401 921 676 985 consummans,
691 897 743 969 ait
755 897 894 972 Simoni
909 925 920 968 ε
938 900 996 971 Tu
1008 926 1047 972 es
1059 902 1213 987 Petnts,
1232 917 1262 974 et

193 1042 305 1118 super
329 1014 428 1086 banc
446 1029 594 1115 petram
621 1013 816 1114 crdtflcabo
843 1016 1038 1090 ecclesiam
1065 1044 1205 1106 meam,
1231 1033 1262 1089 et

184 1150 307 1236 portoe
330 1133 441 1230 irfiri
458 1157 530 1204 non
547 1130 795 1233 praeaalebunt
816 1134 988 1207 adrersus
1014 1161 1111 1208 eam.
1136 1135 1261 1208 Petrus

191 1251 300 1326 latine
309 1303 321 1339 ,
340 1248 477 1348 Cepbas
490 1249 645 1350 syriace,
660 1249 760 1350 quod
773 1275 907 1325 nomen
923 1251 960 1324 in
975 1265 1130 1353 utraque
1141 1250 1259 1352 lingua

189 1400 209 1444 a
228 1386 330 1472 petra
346 1369 548 1443 derivatum
565 1384 637 1458 est3
663 1397 682 1442 a
701 1369 847 1442 Christo
863 1368 1047 1457 videlicet,
1069 1371 1134 1470 qui
1155 1369 1259 1442 'firma

187 1504 288 1588 petra
306 1502 381 1580 est,
398 1513 504 1587 supra
525 1512 635 1586 quam
653 1486 810 1560 Ecclesia
828 1486 976 1559 lundata
990 1492 1064 1561 est.¹
1076 1486 1138 1559 Sic
1150 1485 1259 1559 nimi-

187 1632 271 1677 rum
294 1604 421 1678 Simon
441 1631 507 1703 per
530 1601 774 1677 obedientiam
794 1602 839 1676 ad
860 1602 1084 1702 agnitionem
1105 1601 1174 1676 filii
1197 1603 1256 1678 Dei

187 1721 372 1820 pervenit,
391 1746 501 1820 quam
517 1745 593 1793 non
611 1745 695 1792 caro
708 1734 746 1792 et
760 1719 922 1819 sanguis,
938 1718 1000 1792 sed
1011 1720 1119 1792 Pater
1131 1719 1257 1792 coeles-

187 1837 233 1909 tis
255 1837 287 1910 ei
309 1835 501 1924 revelavit3
526 1833 680 1935 ideoque
696 1832 743 1906 ab
762 1834 840 1934 ipso
858 1834 1040 1908 Salvatore
1055 1835 1204 1923 Petrus,
1225 1832 1256 1906 id

185 1970 239 2028 est
258 1980 479 2055 agnoscens,
504 1953 752 2054 cognominari
771 1954 918 2026 meruit.
941 1951 1106 2054 Denique
1121 1952 1255 2026 datis'ei

186 2072 342 2147 coelestis
357 2074 459 2174 regni
479 2071 659 2161 clavibus,
681 2071 848 2174 Cophos,
868 2071 905 2144 id
926 2086 979 2144 est
997 2088 1111 2174 caput
1125 2072 1255 2146 Eccle-

185 2197 266 2283 sioe,
279 2189 413 2291 abipso
427 2216 510 2290 rege
523 2188 679 2262 Sabaoth
692 2205 746 2262 est
759 2189 874 2262 consti
879 2203 978 2260 tutus
985 2217 996 2278 ς
1007 2187 1254 2288 apostolorum

185 2308 322 2382 scilicet
335 2308 503 2408 princeps
514 2322 550 2380 et
561 2307 729 2408 pontifex
738 2333 920 2395 summus,
933 2305 1253 2406 potestate'ligandi

83 2452 88 2463 ·
186 2441 295 2526 atque
314 2424 475 2498 solvendi
495 2424 691 2524 praeditus,
712 2423 878 2497 doctrina
894 2441 931 2497 et
953 2424 1142 2497 sanctitate
1164 2448 1256 2524 prae·

185 2542 331 2641 cipuns,
350 2540 460 2641 signis
474 2556 512 2615 et
527 2540 708 2613 miraculis
720 2540 935 2640 praeclarus,
952 2541 990 2613 in
1007 2540 1169 2614 Ecclesia
1184 2541 1255 2616 ori·

184 2655 252 2729 bus
261 2654 395 2729 Christi
407 2672 529 2756 pastor
539 2657 697 2756 primns,
710 2671 747 2731 et
758 2656 917 2756 specialis
929 2656 1077 2755 praefuit
1087 2657 1253 2729 vicarius.

234 2776 301 2848 llic
320 2801 373 2849 vn
392 2775 495 2847 anuis
515 2774 553 2847 in
574 2775 849 2849 circumcisione
869 2771 1097 2873 praedicavit,
1119 2788 1159 2847 et
1178 2801 1256 2874 spe-

186 2895 284 2966 cialia
301 2899 377 2993 ejus
393 2918 520 2994 opera,
541 2919 623 2993 ‹111ae
645 2909 734 2964 tunc
750 2891 876 2964 fecerit
885 2944 897 2980 ,
914 2898 1026 2962 Lucas
1044 2891 1083 2964 in
1106 2890 1256 2964 Actibus

187 3015 470 3114 Apostolorum,
491 3027 533 3083 nt
549 3013 712 3110 superius
731 3012 875 3101 notavi,
899 3009 1070 3084 ostendit.
1092 3009 1257 3104 Quadra·

184 3131 371 3228 genarium
387 3131 486 3202 enim
507 3128 551 3201 ad
571 3129 765 3227 speciosam
785 3128 908 3228 templi
926 3143 1069 3227 portam
1090 3127 1256 3200 claudum

186 3247 320 3334 crexit,
337 3262 372 3320 et
385 3247 547 3346 quinque
560 3245 671 3327 millia
683 3244 912 3334 ludricrum,
927 3246 989 3345 qui
1004 3247 1170 3317 conversi
1184 3243 1257 3317 fue

148 3432 152 3437 .
187 3362 512 3462 1·ant,baptimvit.
533 3363 710 3435 Ananiam
731 3377 768 3434 et
783 3385 935 3435 uxorem
950 3365 1026 3459 ejus
1044 3360 1254 3461 Saphiram,

186 3481 321 3553 smutlis
335 3497 373 3553 et
391 3481 565 3552 mendacii
584 3507 665 3553 reos
688 3481 852 3553 censorio
870 3481 971 3576 jussu
991 3481 1136 3577 puniit;
1154 3494 1193 3552 et
1208 3481 1256 3551 sic

187 3616 380 3696 praeseutcs
403 3614 510 3697 atque
533 3596 694 3683 futuros,
717 3611 759 3666 ut
776 3592 966 3667 salubriter
980 3596 1254 3694 castigarentur,

189 3717 332 3789 terruit.
353 3719 590 3816 AEgrotorum
613 3714 757 3787 turbam
779 3715 817 3785 in
845 3712 1004 3801 lectulis,
1032 3739 1098 3811 per
1123 3712 1256 3812 plateas

190 3832 386 3919 transiens,
408 3828 535 3902 umbra
557 3828 744 3931 tangebat,
767 3829 907 3902 meritis
930 3843 967 3903 et
988 3827 1253 3928 potestate'sibi

189 3946 332 4018 coelitus
351 3946 531 4045 impertita
545 3943 703 4017 sanabat.

237 4065 386 4137 lEncam
404 4062 656 4159 paralyticum,
671 4066 745 4161 jam
757 4080 842 4136 octo
861 4063 964 4133 annis
984 4062 1022 4133 in
1034 4059 1187 4160 grabato
1200 4067 1254 4161 ja-

185 4198 344 4270 centem,
362 4178 483 4252 Liddae
497 4179 535 4251 in
554 4181 702 4254 nominc
713 4181 859 4253 Domini
878 4179 1034 4266 cruavit5
1055 4193 1093 4252 et
1109 4180 1253 4254 novita-
